<?xml version="1.0" encoding="UTF-8"?>
<!-- Search-Engine-Total-Number-Of-Results: 899992 -->
<collection xmlns="http://www.loc.gov/MARC21/slim">
<record>
  
  
  <datafield tag="100" ind1=" " ind2=" ">
    <subfield code="a">Hill, J. Colin</subfield>
  </datafield>
  <datafield tag="245" ind1=" " ind2=" ">
    <subfield code="a">Detection of Thermal SZ -- CMB Lensing Cross-Correlation in Planck
  Nominal Mission Data</subfield>
  </datafield>
  <datafield tag="260" ind1=" " ind2=" ">
    <subfield code="c">2013-12-16</subfield>
  </datafield>
  <datafield tag="520" ind1=" " ind2=" ">
    <subfield code="a">  The nominal mission maps from the Planck satellite contain a wealth of
information about secondary anisotropies in the cosmic microwave background
(CMB), including those induced by the thermal Sunyaev-Zel'dovich (tSZ) effect
and gravitational lensing. As both the tSZ and CMB lensing signals trace the
large-scale matter density field, the anisotropies sourced by these processes
are expected to be correlated. We report the first detection of this
cross-correlation signal, which we measure at 6.2 sigma significance using the
Planck data. We take advantage of Planck's multifrequency coverage to construct
a tSZ map using internal linear combination techniques, which we subsequently
cross-correlate with the publicly-released Planck CMB lensing potential map.
[Abridged] We interpret the signal using halo model calculations, which
indicate that the tSZ -- CMB lensing cross-correlation is a unique probe of the
physics of intracluster gas in high-redshift, low-mass groups and clusters. Our
results are consistent with extrapolations of existing gas physics models to
this previously unexplored regime and show clear evidence for contributions
from both the one- and two-halo terms, but no statistically significant
evidence for contributions from diffuse, unbound gas outside of collapsed
halos. We also show that the amplitude of the signal depends rather sensitively
on the amplitude of fluctuations ($\sigma_8$) and the matter density
($\Omega_m$). We constrain the degenerate combination $\sigma_8
(\Omega_m/0.282)^{0.26} = 0.831^{+0.026}_{-0.030}$, a result that is in less
tension with primordial CMB constraints than some recent tSZ analyses. Our
detection is a direct confirmation that hot, ionized gas traces the dark matter
distribution over a wide range of scales in the universe ($\sim 0.1$--$50 \,
{\rm Mpc}/h$).
</subfield>
  </datafield>
  <datafield tag="650" ind1="1" ind2="7">
    <subfield code="a">Astrophysics - Cosmology and Extragalactic Astrophysics</subfield>
  </datafield>
  <datafield tag="655" ind1="7" ind2=" ">
    <subfield code="a">text</subfield>
  </datafield>
  <datafield tag="700" ind1=" " ind2=" ">
    <subfield code="a">Spergel, David N.</subfield>
  </datafield>
  <datafield tag="035" ind1=" " ind2=" ">
    <subfield code="a">oai:arXiv.org:1312.4525</subfield>
    <subfield code="u">http://export.arxiv.org/oai2</subfield>
    <subfield code="9">http://export.arxiv.org/oai2</subfield>
    <subfield code="d">2013-12-17</subfield>
    <subfield code="h">2013-12-17T11:15:01Z</subfield>
    <subfield code="m"></subfield>
    <subfield code="t">false</subfield>
  </datafield>
  <datafield tag="980" ind1=" " ind2=" ">
    <subfield code="a">PREPRINT</subfield>
  </datafield>
</record>