
<record>
  
  
  <datafield tag="100" ind1=" " ind2=" ">
    <subfield code="a">Schwerdtfeger, Konrad</subfield>
  </datafield>
  <datafield tag="245" ind1=" " ind2=" ">
    <subfield code="a">A Computational Trichotomy for Connectivity of Boolean Satisfiability</subfield>
  </datafield>
  <datafield tag="260" ind1=" " ind2=" ">
    <subfield code="c">2013-12-16</subfield>
  </datafield>
  <datafield tag="520" ind1=" " ind2=" ">
    <subfield code="a">  For Boolean satisfiability problems, the structure of the solution space is
characterized by the solution graph, where the vertices are the solutions, and
two solutions are connected iff they differ in exactly one variable. Motivated
by research on heuristics and the satisfiability threshold, in 2006, Gopalan et
al. studied connectivity properties of the solution graph and related
complexity issues for constraint satisfaction problems. They found dichotomies
for the diameter of the connected components and for the complexity of the
st-connectivity question, and conjectured a trichotomy for the connectivity
question. Their results were refined by Makino et al. Building on this work, we
here prove the trichotomy for the connectivity question. Also, we correct a
minor mistake, which leads to a slight shift of the boundaries towards the hard
side.
</subfield>
  </datafield>
  <datafield tag="650" ind1="1" ind2="7">
    <subfield code="a">Computer Science - Computational Complexity</subfield>
  </datafield>
  <datafield tag="655" ind1="7" ind2=" ">
    <subfield code="a">text</subfield>
  </datafield>
  <datafield tag="035" ind1=" " ind2=" ">
    <subfield code="a">oai:arXiv.org:1312.4524</subfield>
    <subfield code="u">http://export.arxiv.org/oai2</subfield>
    <subfield code="9">http://export.arxiv.org/oai2</subfield>
    <subfield code="d">2013-12-17</subfield>
    <subfield code="h">2013-12-17T11:15:01Z</subfield>
    <subfield code="m"></subfield>
    <subfield code="t">false</subfield>
  </datafield>
  <datafield tag="980" ind1=" " ind2=" ">
    <subfield code="a">PREPRINT</subfield>
  </datafield>
</record>