
<record>
  
  
  <datafield tag="100" ind1=" " ind2=" ">
    <subfield code="a">Wang, Xin</subfield>
  </datafield>
  <datafield tag="245" ind1=" " ind2=" ">
    <subfield code="a">Robust quantum gates for singlet-triplet spin qubits using composite
  pulses</subfield>
  </datafield>
  <datafield tag="260" ind1=" " ind2=" ">
    <subfield code="c">2013-12-16</subfield>
  </datafield>
  <datafield tag="520" ind1=" " ind2=" ">
    <subfield code="a">  We present a comprehensive theoretical treatment of SUPCODE, a method for
generating dynamically corrected quantum gate operations, which are immune to
random noise in the environment, by using carefully designed sequences of soft
pulses. SUPCODE enables dynamical error suppression even when the control field
is constrained to be positive and uniaxial, making it particularly suited to
counteracting the effects of noise in systems subject to these constraints such
as singlet-triplet qubits. We describe and explain in detail how to generate
SUPCODE pulse sequences for arbitrary single-qubit gates and provide several
explicit examples of sequences that implement commonly used gates, including
the single-qubit Clifford gates. We develop sequences for noise-resistant
two-qubit gates for two exchanged-coupled singlet-triplet qubits by cascading
robust single-qubit gates, leading to a 35% reduction in gate time compared to
previous works. This cascade approach can be scaled up to produce gates for an
arbitrary-length spin qubit array, and is thus relevant to scalable quantum
computing architectures. To more accurately describe real spin qubit
experiments, we show how to design sequences that incorporate additional
features and practical constraints such as sample-specific charge noise models
and finite pulse rise times. We provide a detailed analysis based on randomized
benchmarking to show how SUPCODE gates perform under realistic $1/f^\alpha$
noise and find a strong dependence of gate fidelity on the exponent $\alpha$,
with best performance for $\alpha>1$. Our SUPCODE sequences can therefore be
used to implement robust universal quantum computation while accommodating the
fundamental constraints and experimental realities of singlet-triplet qubits.
</subfield>
  </datafield>
  <datafield tag="650" ind1="1" ind2="7">
    <subfield code="a">Condensed Matter - Mesoscale and Nanoscale Physics</subfield>
  </datafield>
  <datafield tag="655" ind1="7" ind2=" ">
    <subfield code="a">text</subfield>
  </datafield>
  <datafield tag="700" ind1=" " ind2=" ">
    <subfield code="a">Bishop, Lev S.</subfield>
  </datafield>
  <datafield tag="700" ind1=" " ind2=" ">
    <subfield code="a">Barnes, Edwin</subfield>
  </datafield>
  <datafield tag="700" ind1=" " ind2=" ">
    <subfield code="a">Kestner, J. P.</subfield>
  </datafield>
  <datafield tag="700" ind1=" " ind2=" ">
    <subfield code="a">Sarma, S. Das</subfield>
  </datafield>
  <datafield tag="035" ind1=" " ind2=" ">
    <subfield code="a">oai:arXiv.org:1312.4523</subfield>
    <subfield code="u">http://export.arxiv.org/oai2</subfield>
    <subfield code="9">http://export.arxiv.org/oai2</subfield>
    <subfield code="d">2013-12-17</subfield>
    <subfield code="h">2013-12-17T11:15:01Z</subfield>
    <subfield code="m"></subfield>
    <subfield code="t">false</subfield>
  </datafield>
  <datafield tag="980" ind1=" " ind2=" ">
    <subfield code="a">PREPRINT</subfield>
  </datafield>
</record>