
<record>
  
  
  <datafield tag="100" ind1=" " ind2=" ">
    <subfield code="a">Dembo, Amir</subfield>
  </datafield>
  <datafield tag="245" ind1=" " ind2=" ">
    <subfield code="a">Cut-off for lamplighter chains on tori: dimension interpolation and
  phase transition</subfield>
  </datafield>
  <datafield tag="260" ind1=" " ind2=" ">
    <subfield code="c">2013-12-16</subfield>
  </datafield>
  <datafield tag="520" ind1=" " ind2=" ">
    <subfield code="a">  Suppose that ${\mathcal G}$ is a finite, connected graph and $X$ is a lazy
random walk on ${\mathcal G}$. The lamplighter chain $X^\diamond$ associated
with $X$ is the lazy random walk on the wreath product ${\mathcal G}^\diamond =
{\mathbb Z}_2 \wr {\mathcal G}$, the graph whose vertices consist of pairs
$(\underline{f},x)$ where $\underline{f}$ is a $\{0,1\}$-labeling of the
vertices of ${\mathcal G}$ and $x$ is a vertex in ${\mathcal G}$. In each step,
$X^\diamond$ moves from a configuration $(\underline{f},x)$ by updating $x$ to
$y$ using the transition rule of $X$, and if $x \ne y$, replacing $f_x$ and
$f_y$ by two independent uniform random bits. The mixing time of the
lamplighter chain on the discrete torus ${\mathbb Z}_n^d$ is known to have a
cutoff at a time asymptotic to the cover time of ${\mathbb Z}_n^d$ if $d=2$,
and to half the cover time if $d \geq 3$. We show that the mixing time of the
lamplighter chain on ${\mathcal G}_n(a)={\mathbb Z}_n^2 \times {\mathbb Z}_{a
\log n}$ has a cutoff at $\psi(a)$ times the cover time of ${\mathcal G}_n(a)$
as $n \to \infty$, where $\psi$ is a weakly decreasing map from $(0,\infty)$
onto $[1/2,1)$. In particular, as $a > 0$ varies, the threshold continuously
interpolates between the known thresholds for ${\mathbb Z}_n^2$ and ${\mathbb
Z}_n^3$. Perhaps surprisingly, we find a phase transition (non-smoothness of
$\psi$) at the point $a_*=\pi r_3 (1+\sqrt{2})$, where high dimensional
behavior ($\psi(a)=1/2$ for all $a>a_*$) commences. Here $r_3$ is the effective
resistance from $0$ to $\infty$ in ${\mathbb Z}^3$.
</subfield>
  </datafield>
  <datafield tag="650" ind1="1" ind2="7">
    <subfield code="a">Mathematics - Probability</subfield>
  </datafield>
  <datafield tag="655" ind1="7" ind2=" ">
    <subfield code="a">text</subfield>
  </datafield>
  <datafield tag="700" ind1=" " ind2=" ">
    <subfield code="a">Ding, Jian</subfield>
  </datafield>
  <datafield tag="700" ind1=" " ind2=" ">
    <subfield code="a">Miller, Jason</subfield>
  </datafield>
  <datafield tag="700" ind1=" " ind2=" ">
    <subfield code="a">Peres, Yuval</subfield>
  </datafield>
  <datafield tag="035" ind1=" " ind2=" ">
    <subfield code="a">oai:arXiv.org:1312.4522</subfield>
    <subfield code="u">http://export.arxiv.org/oai2</subfield>
    <subfield code="9">http://export.arxiv.org/oai2</subfield>
    <subfield code="d">2013-12-17</subfield>
    <subfield code="h">2013-12-17T11:15:01Z</subfield>
    <subfield code="m"></subfield>
    <subfield code="t">false</subfield>
  </datafield>
  <datafield tag="980" ind1=" " ind2=" ">
    <subfield code="a">PREPRINT</subfield>
  </datafield>
</record>