
<record>
  
  
  <datafield tag="100" ind1=" " ind2=" ">
    <subfield code="a">Cvetkovic, Zoran</subfield>
  </datafield>
  <datafield tag="245" ind1=" " ind2=" ">
    <subfield code="a">Weyl-Heisenberg Spaces for Robust Orthogonal Frequency Division
  Multiplexing</subfield>
  </datafield>
  <datafield tag="260" ind1=" " ind2=" ">
    <subfield code="c">2013-11-24</subfield>
  </datafield>
  <datafield tag="520" ind1=" " ind2=" ">
    <subfield code="a">  Design of Weyl-Heisenberg sets of waveforms for robust orthogonal frequency
division multiplex- ing (OFDM) has been the subject of a considerable volume of
work. In this paper, a complete parameterization of orthogonal Weyl-Heisenberg
sets and their corresponding biorthogonal sets is given. Several examples of
Weyl-Heisenberg sets designed using this parameterization are pre- sented,
which in simulations show a high potential for enabling OFDM robust to
frequency offset, timing mismatch, and narrow-band interference.
</subfield>
  </datafield>
  <datafield tag="650" ind1="1" ind2="7">
    <subfield code="a">Computer Science - Information Theory</subfield>
  </datafield>
  <datafield tag="655" ind1="7" ind2=" ">
    <subfield code="a">text</subfield>
  </datafield>
  <datafield tag="700" ind1=" " ind2=" ">
    <subfield code="a">Sinn, Vincent</subfield>
  </datafield>
  <datafield tag="035" ind1=" " ind2=" ">
    <subfield code="a">oai:arXiv.org:1312.4521</subfield>
    <subfield code="u">http://export.arxiv.org/oai2</subfield>
    <subfield code="9">http://export.arxiv.org/oai2</subfield>
    <subfield code="d">2013-12-17</subfield>
    <subfield code="h">2013-12-17T11:15:01Z</subfield>
    <subfield code="m"></subfield>
    <subfield code="t">false</subfield>
  </datafield>
  <datafield tag="980" ind1=" " ind2=" ">
    <subfield code="a">PREPRINT</subfield>
  </datafield>
</record>