
<record>
  
  
  <datafield tag="100" ind1=" " ind2=" ">
    <subfield code="a">Hadasz, Leszek</subfield>
  </datafield>
  <datafield tag="245" ind1=" " ind2=" ">
    <subfield code="a">Super-Liouville - Double Liouville correspondence</subfield>
  </datafield>
  <datafield tag="260" ind1=" " ind2=" ">
    <subfield code="c">2013-12-16</subfield>
  </datafield>
  <datafield tag="520" ind1=" " ind2=" ">
    <subfield code="a">  The AGT motivated relation between the tensor product of the N=1
super-Liouville field theory with the imaginary free fermion (SL) and a certain
projected tensor products of the real and the imaginary Liouville field
theories (LL) is analyzed. Using conformal field theory techniques we give a
complete proof of the equivalence in the NS sector. It is shown that SL-LL
correspondence is based on the equivalence of chiral objects including suitably
chosen chiral structure constants of all three Liouville theories involved.
</subfield>
  </datafield>
  <datafield tag="650" ind1="1" ind2="7">
    <subfield code="a">High Energy Physics - Theory</subfield>
  </datafield>
  <datafield tag="655" ind1="7" ind2=" ">
    <subfield code="a">text</subfield>
  </datafield>
  <datafield tag="700" ind1=" " ind2=" ">
    <subfield code="a">Jaskolski, Zbigniew</subfield>
  </datafield>
  <datafield tag="035" ind1=" " ind2=" ">
    <subfield code="a">oai:arXiv.org:1312.4520</subfield>
    <subfield code="u">http://export.arxiv.org/oai2</subfield>
    <subfield code="9">http://export.arxiv.org/oai2</subfield>
    <subfield code="d">2013-12-17</subfield>
    <subfield code="h">2013-12-17T11:15:01Z</subfield>
    <subfield code="m"></subfield>
    <subfield code="t">false</subfield>
  </datafield>
  <datafield tag="980" ind1=" " ind2=" ">
    <subfield code="a">PREPRINT</subfield>
  </datafield>
</record>