
<record>
  
  
  <datafield tag="100" ind1=" " ind2=" ">
    <subfield code="a">Gong, Shou-Shu</subfield>
  </datafield>
  <datafield tag="245" ind1=" " ind2=" ">
    <subfield code="a">Emergent Chiral Spin Liquid: Fractional Quantum Hall Effect in a Kagome
  Heisenberg Model</subfield>
  </datafield>
  <datafield tag="260" ind1=" " ind2=" ">
    <subfield code="c">2013-12-16</subfield>
  </datafield>
  <datafield tag="520" ind1=" " ind2=" ">
    <subfield code="a">  The experimentally discovered fractional quantum Hall effect (FQHE) is the
first demonstration of topological order and fractional (anyonic) statistics
realized in two-dimensional electron systems under a magnetic field breaking
time-reversal symmetry (TRS). A related new state of matter with fractionalized
quasiparticle excitations is the topological quantum spin liquid (QSL) emerging
in frustrated magnetic systems. Interestingly, it has been predicted that the
FQHE can also emerge in time-reversal invariant spin systems, known as the
chiral spin liquid (CSL) through spontaneously breaking TRS. The CSL can
naturally lead to the exotic superconductivity that originates from the
condense of anyonic quasiparticles. On the fundamental side, a CSL is also
considered to be the simplest way in which frustrated spin systems develop
topological order through statistics transformation. Although CSL was highly
sought after for more than twenty years, it had never been found in a realistic
Heisenberg model or related experimental materials. Here we report the first
realization of a FQHE in a realistic Heisenberg model with TRS based on
accurate density-matrix renormalization group (DMRG) calculations. We identify
the emergent FQHE state as the long-sought CSL with a uniform chiral spin order
spontaneously breaking TRS, and the half-integer quantized topological Chern
number protected by a robust excitation gap. The close connection of our model
with frustrated antiferromagnets will stimulate theoretical search for TRS
broken phases and open a new route for experimental realization of FQHE and
exotic superconductivity in magnetic materials.
</subfield>
  </datafield>
  <datafield tag="650" ind1="1" ind2="7">
    <subfield code="a">Condensed Matter - Strongly Correlated Electrons</subfield>
  </datafield>
  <datafield tag="655" ind1="7" ind2=" ">
    <subfield code="a">text</subfield>
  </datafield>
  <datafield tag="700" ind1=" " ind2=" ">
    <subfield code="a">Zhu, Wei</subfield>
  </datafield>
  <datafield tag="700" ind1=" " ind2=" ">
    <subfield code="a">Sheng, D. N.</subfield>
  </datafield>
  <datafield tag="035" ind1=" " ind2=" ">
    <subfield code="a">oai:arXiv.org:1312.4519</subfield>
    <subfield code="u">http://export.arxiv.org/oai2</subfield>
    <subfield code="9">http://export.arxiv.org/oai2</subfield>
    <subfield code="d">2013-12-17</subfield>
    <subfield code="h">2013-12-17T11:15:01Z</subfield>
    <subfield code="m"></subfield>
    <subfield code="t">false</subfield>
  </datafield>
  <datafield tag="980" ind1=" " ind2=" ">
    <subfield code="a">PREPRINT</subfield>
  </datafield>
</record>