
<record>
  
  
  <datafield tag="100" ind1=" " ind2=" ">
    <subfield code="a">Kanatchikov, I. V.</subfield>
  </datafield>
  <datafield tag="245" ind1=" " ind2=" ">
    <subfield code="a">On the precanonical structure of the Schr\"odinger wave functional</subfield>
  </datafield>
  <datafield tag="260" ind1=" " ind2=" ">
    <subfield code="c">2013-12-16</subfield>
  </datafield>
  <datafield tag="520" ind1=" " ind2=" ">
    <subfield code="a">  An expression of the Schr\"odinger wave functional as the product integral of
precanonical wave functions on the space of fields and space-time variables is
obtained. A functional derivative Schr\"odinger equation in the canonical
quantization is derived from the partial derivative covariant analogue of the
Schr\"odinger equation, which appears in the precanonical quantization based on
the De Donder-Weyl Hamiltonization of field theory. The representation of
precanonical quantum operators typically contains a parameter $\varkappa$ of
the dimension of the inverse spatial volume. The transition from the
precanonical description of quantum fields in terms of Clifford-valued wave
functions and partial derivative operators to the standard functional
Schr\"odinger representation obtained from canonical quantization is
accomplished if $\varkappa \rightarrow 0$ and $\gamma^0 / \varkappa$ is mapped
to the infinitesimal spatial volume element $d\mathbf{x}$. Thus the standard
QFT corresponds to the precanonical QFT in the limiting case of the
infinitesimal parameter $1 / \varkappa$.
</subfield>
  </datafield>
  <datafield tag="650" ind1="1" ind2="7">
    <subfield code="a">High Energy Physics - Theory</subfield>
  </datafield>
  <datafield tag="655" ind1="7" ind2=" ">
    <subfield code="a">text</subfield>
  </datafield>
  <datafield tag="035" ind1=" " ind2=" ">
    <subfield code="a">oai:arXiv.org:1312.4518</subfield>
    <subfield code="u">http://export.arxiv.org/oai2</subfield>
    <subfield code="9">http://export.arxiv.org/oai2</subfield>
    <subfield code="d">2013-12-17</subfield>
    <subfield code="h">2013-12-17T11:15:01Z</subfield>
    <subfield code="m"></subfield>
    <subfield code="t">false</subfield>
  </datafield>
  <datafield tag="980" ind1=" " ind2=" ">
    <subfield code="a">PREPRINT</subfield>
  </datafield>
</record>