
<record>
  
  
  <datafield tag="100" ind1=" " ind2=" ">
    <subfield code="a">Honecker, Gabriele</subfield>
  </datafield>
  <datafield tag="245" ind1=" " ind2=" ">
    <subfield code="a">On axionic dark matter in Type IIA string theory</subfield>
  </datafield>
  <datafield tag="260" ind1=" " ind2=" ">
    <subfield code="c">2013-12-16</subfield>
  </datafield>
  <datafield tag="520" ind1=" " ind2=" ">
    <subfield code="a">  We investigate viable scenarios with various axions in the context of
supersymmetric field theory and in globally consistent D-brane models. The
Peccei-Quinn symmetry is associated with an anomalous U(1) symmetry, which
acquires mass at the string scale but remains as a perturbative global symmetry
at low energies. The origin of the scalar Higgs-axion potential from F-, D- and
soft breaking terms is derived, and two Standard Model examples of global
intersecting D6-brane models in Type II orientifolds are presented, which
differ in the realisation of the Higgs sector and in the hidden sector, the
latter of which is of particluar importance for the soft supersymmetry breaking
terms.
</subfield>
  </datafield>
  <datafield tag="650" ind1="1" ind2="7">
    <subfield code="a">High Energy Physics - Theory</subfield>
  </datafield>
  <datafield tag="655" ind1="7" ind2=" ">
    <subfield code="a">text</subfield>
  </datafield>
  <datafield tag="700" ind1=" " ind2=" ">
    <subfield code="a">Staessens, Wieland</subfield>
  </datafield>
  <datafield tag="035" ind1=" " ind2=" ">
    <subfield code="a">oai:arXiv.org:1312.4517</subfield>
    <subfield code="u">http://export.arxiv.org/oai2</subfield>
    <subfield code="9">http://export.arxiv.org/oai2</subfield>
    <subfield code="d">2013-12-17</subfield>
    <subfield code="h">2013-12-17T11:15:01Z</subfield>
    <subfield code="m"></subfield>
    <subfield code="t">false</subfield>
  </datafield>
  <datafield tag="980" ind1=" " ind2=" ">
    <subfield code="a">PREPRINT</subfield>
  </datafield>
</record>