
<record>
  
  
  <datafield tag="100" ind1=" " ind2=" ">
    <subfield code="a">Correa, Francisco</subfield>
  </datafield>
  <datafield tag="245" ind1=" " ind2=" ">
    <subfield code="a">Thermodynamics of Lovelock black holes with a nonminimal scalar field</subfield>
  </datafield>
  <datafield tag="260" ind1=" " ind2=" ">
    <subfield code="c">2013-12-16</subfield>
  </datafield>
  <datafield tag="520" ind1=" " ind2=" ">
    <subfield code="a">  We source the Lovelock gravity theories indexed by an integer k and fixed by
requiring a unique anti-de Sitter vacuum with a self-interacting nonminimal
scalar field in arbitrary dimension d. For each inequivalent Lovelock gravity
theory indexed by the integer k, we establish the existence of a two-parametric
self-interacting potential that permits to derive a class of black hole
solutions with planar horizon for any arbitrary value of the nonminimal
coupling parameter. In the thermodynamical analysis of the solution, we show
that, once regularized the Euclidean action, the mass contribution coming form
the gravity side exactly cancels, order by order, the one arising from the
matter part yielding to a vanishing mass. This result is in accordance with the
fact that the entropy of the solution, being proportional to the lapse function
evaluated at the horizon, also vanishes. Consequently, the integration constant
appearing in the solution is interpreted as a sort of hair which turns out to
vanish at high temperature.
</subfield>
  </datafield>
  <datafield tag="650" ind1="1" ind2="7">
    <subfield code="a">High Energy Physics - Theory</subfield>
  </datafield>
  <datafield tag="655" ind1="7" ind2=" ">
    <subfield code="a">text</subfield>
  </datafield>
  <datafield tag="700" ind1=" " ind2=" ">
    <subfield code="a">Hassaine, Mokhtar</subfield>
  </datafield>
  <datafield tag="035" ind1=" " ind2=" ">
    <subfield code="a">oai:arXiv.org:1312.4516</subfield>
    <subfield code="u">http://export.arxiv.org/oai2</subfield>
    <subfield code="9">http://export.arxiv.org/oai2</subfield>
    <subfield code="d">2013-12-17</subfield>
    <subfield code="h">2013-12-17T11:15:01Z</subfield>
    <subfield code="m"></subfield>
    <subfield code="t">false</subfield>
  </datafield>
  <datafield tag="980" ind1=" " ind2=" ">
    <subfield code="a">PREPRINT</subfield>
  </datafield>
</record>