
<record>
  
  
  <datafield tag="100" ind1=" " ind2=" ">
    <subfield code="a">Uribe, Juan Camilo Arias</subfield>
  </datafield>
  <datafield tag="245" ind1=" " ind2=" ">
    <subfield code="a">Higher Auslander-Reiten sequences and $t$-structures</subfield>
  </datafield>
  <datafield tag="260" ind1=" " ind2=" ">
    <subfield code="c">2013-12-16</subfield>
  </datafield>
  <datafield tag="520" ind1=" " ind2=" ">
    <subfield code="a">  We propose a framework for higher Auslander-Reiten (AR-) theory in an
additive subcategory $C$ of $\mod(R)$ where $R$ is an artin algebra. This
theory takes place in the heart $H_C$ of a certain $t$-structure on the
triangulated category $K^{-}(C)$.
  We show that when $C$ is a maximal $n$-orthogonal subcategory in the sense of
Iyama, \cite{I}, the simple objects of $H_C$ correspond to Iyama's higher
AR-sequences and we are able to see his higher AR-duality in a conceptually
satisfying way.
  We also show that category $O$ of a complex semi-simple Lie algebra $g$ fits
into this theory when $R$ is the coinvariant algebra of the Weyl group of $g$.
</subfield>
  </datafield>
  <datafield tag="650" ind1="1" ind2="7">
    <subfield code="a">Mathematics - Representation Theory</subfield>
  </datafield>
  <datafield tag="655" ind1="7" ind2=" ">
    <subfield code="a">text</subfield>
  </datafield>
  <datafield tag="700" ind1=" " ind2=" ">
    <subfield code="a">Backelin, Erik</subfield>
  </datafield>
  <datafield tag="035" ind1=" " ind2=" ">
    <subfield code="a">oai:arXiv.org:1312.4515</subfield>
    <subfield code="u">http://export.arxiv.org/oai2</subfield>
    <subfield code="9">http://export.arxiv.org/oai2</subfield>
    <subfield code="d">2013-12-17</subfield>
    <subfield code="h">2013-12-17T11:15:01Z</subfield>
    <subfield code="m"></subfield>
    <subfield code="t">false</subfield>
  </datafield>
  <datafield tag="980" ind1=" " ind2=" ">
    <subfield code="a">PREPRINT</subfield>
  </datafield>
</record>