
<record>
  
  
  <datafield tag="100" ind1=" " ind2=" ">
    <subfield code="a">Morris, C. M.</subfield>
  </datafield>
  <datafield tag="245" ind1=" " ind2=" ">
    <subfield code="a">A hierarchy of bound states in the 1D ferromagnetic Ising chain
  CoNb$_2$O$_6$ investigated by high resolution time-domain terahertz
  spectroscopy</subfield>
  </datafield>
  <datafield tag="260" ind1=" " ind2=" ">
    <subfield code="c">2013-12-16</subfield>
  </datafield>
  <datafield tag="520" ind1=" " ind2=" ">
    <subfield code="a">  Kink bound states in the one dimensional ferromagnetic Ising chain compound
CoNb$_2$O$_6$ have been studied using high resolution time-domain terahertz
spectroscopy in zero applied magnetic field. When magnetic order develops at
low temperature, nine bound states of kinks become visible. Their energies can
be modeled exceedingly well by the Airy function solutions to a 1D
Schr\"odinger equation with a linear confining potential. This sequence of
bound states terminates at a threshold energy near two times the energy of the
lowest bound state. Above this energy scale we observe a broad feature
consistent with the onset of the two particle continuum. At energies just below
this threshold we observe a prominent excitation that we interpret as a novel
bound state of bound states -- two pairs of kinks on neighboring chains.
</subfield>
  </datafield>
  <datafield tag="650" ind1="1" ind2="7">
    <subfield code="a">Condensed Matter - Strongly Correlated Electrons</subfield>
  </datafield>
  <datafield tag="655" ind1="7" ind2=" ">
    <subfield code="a">text</subfield>
  </datafield>
  <datafield tag="700" ind1=" " ind2=" ">
    <subfield code="a">Aguilar, R. Valdés</subfield>
  </datafield>
  <datafield tag="700" ind1=" " ind2=" ">
    <subfield code="a">Ghosh, A.</subfield>
  </datafield>
  <datafield tag="700" ind1=" " ind2=" ">
    <subfield code="a">Koohpayeh, S. M.</subfield>
  </datafield>
  <datafield tag="700" ind1=" " ind2=" ">
    <subfield code="a">Krizan, J.</subfield>
  </datafield>
  <datafield tag="700" ind1=" " ind2=" ">
    <subfield code="a">Cava, R. J.</subfield>
  </datafield>
  <datafield tag="700" ind1=" " ind2=" ">
    <subfield code="a">Tchernyshyov, O.</subfield>
  </datafield>
  <datafield tag="700" ind1=" " ind2=" ">
    <subfield code="a">McQueen, T. M.</subfield>
  </datafield>
  <datafield tag="700" ind1=" " ind2=" ">
    <subfield code="a">Armitage, N. P.</subfield>
  </datafield>
  <datafield tag="035" ind1=" " ind2=" ">
    <subfield code="a">oai:arXiv.org:1312.4514</subfield>
    <subfield code="u">http://export.arxiv.org/oai2</subfield>
    <subfield code="9">http://export.arxiv.org/oai2</subfield>
    <subfield code="d">2013-12-17</subfield>
    <subfield code="h">2013-12-17T11:15:01Z</subfield>
    <subfield code="m"></subfield>
    <subfield code="t">false</subfield>
  </datafield>
  <datafield tag="980" ind1=" " ind2=" ">
    <subfield code="a">PREPRINT</subfield>
  </datafield>
</record>