
<record>
  
  
  <datafield tag="100" ind1=" " ind2=" ">
    <subfield code="a">Zaourar, Lilia</subfield>
  </datafield>
  <datafield tag="245" ind1=" " ind2=" ">
    <subfield code="a">Cache-aware static scheduling for hard real-time multicore systems based
  on communication affinities</subfield>
  </datafield>
  <datafield tag="260" ind1=" " ind2=" ">
    <subfield code="c">2013-12-16</subfield>
  </datafield>
  <datafield tag="520" ind1=" " ind2=" ">
    <subfield code="a">  The growing need for continuous processing capabilities has led to the
development of multicore systems with a complex cache hierarchy. Such multicore
systems are generally designed for improving the performance in average case,
while hard real-time systems must consider worst-case scenarios. An open
challenge is therefore to efficiently schedule hard real-time tasks on a
multicore architecture. In this work, we propose a mathematical formulation for
computing a static scheduling that minimize L1 data cache misses between hard
real-time tasks on a multicore architecture using communication affinities.
</subfield>
  </datafield>
  <datafield tag="650" ind1="1" ind2="7">
    <subfield code="a">Computer Science - Operating Systems</subfield>
  </datafield>
  <datafield tag="655" ind1="7" ind2=" ">
    <subfield code="a">text</subfield>
  </datafield>
  <datafield tag="700" ind1=" " ind2=" ">
    <subfield code="a">Jan, Mathieu</subfield>
  </datafield>
  <datafield tag="700" ind1=" " ind2=" ">
    <subfield code="a">Pitel, Maurice</subfield>
  </datafield>
  <datafield tag="035" ind1=" " ind2=" ">
    <subfield code="a">oai:arXiv.org:1312.4509</subfield>
    <subfield code="u">http://export.arxiv.org/oai2</subfield>
    <subfield code="9">http://export.arxiv.org/oai2</subfield>
    <subfield code="d">2013-12-17</subfield>
    <subfield code="h">2013-12-17T11:15:01Z</subfield>
    <subfield code="m"></subfield>
    <subfield code="t">false</subfield>
  </datafield>
  <datafield tag="980" ind1=" " ind2=" ">
    <subfield code="a">PREPRINT</subfield>
  </datafield>
</record>