
<record>
  
  
  <datafield tag="100" ind1=" " ind2=" ">
    <subfield code="a">Paillard, Gabriel</subfield>
  </datafield>
  <datafield tag="245" ind1=" " ind2=" ">
    <subfield code="a">A distributed prime sieving algorithm based on Scheduling by Multiple
  Edge Reversal</subfield>
  </datafield>
  <datafield tag="260" ind1=" " ind2=" ">
    <subfield code="c">2013-12-16</subfield>
  </datafield>
  <datafield tag="520" ind1=" " ind2=" ">
    <subfield code="a">  This paper presents a new distributed approach for generating all prime
numbers in a given interval of integers. From Eratosthenes, who elaborated the
first prime sieve (more than 2000 years ago), to the current generation of
parallel computers, which have permitted to reach larger bounds on the interval
or to obtain previous results in a shorter time, prime numbers generation still
represents an attractive domain of research and plays a central role in
cryptography. We propose a fully distributed algorithm for finding all primes
in the interval $[2\ldots, n]$, based on the \emph{wheel sieve} and the SMER
(\emph{Scheduling by Multiple Edge Reversal}) multigraph dynamics. Given a
multigraph $\mathcal{M}$ of arbitrary topology, having $N$ nodes, a SMER-driven
system is defined by the number of directed edges (arcs) between any two nodes
of $\mathcal{M}$, and by the global period length of all "arc reversals" in
$\mathcal{M}$. The new prime number generation method inherits the distributed
and parallel nature of SMER and requires at most $n + \lfloor \sqrt{n}\rfloor$
time steps. The message complexity achieves at most $n\Delta_N + \lfloor
\sqrt{n}\rfloor \Delta_N$, where $1\le \Delta_N\le N - 1$ is the maximal
multidegree of $\mathcal{M}$, and the maximal amount of memory space required
per process is $\mathcal{O}(n)$ bits.
</subfield>
  </datafield>
  <datafield tag="650" ind1="1" ind2="7">
    <subfield code="a">Computer Science - Distributed, Parallel, and Cluster Computing</subfield>
  </datafield>
  <datafield tag="655" ind1="7" ind2=" ">
    <subfield code="a">text</subfield>
  </datafield>
  <datafield tag="700" ind1=" " ind2=" ">
    <subfield code="a">Lavault, Christian</subfield>
  </datafield>
  <datafield tag="700" ind1=" " ind2=" ">
    <subfield code="a">Franca, Felipe</subfield>
  </datafield>
  <datafield tag="035" ind1=" " ind2=" ">
    <subfield code="a">oai:arXiv.org:1312.4508</subfield>
    <subfield code="u">http://export.arxiv.org/oai2</subfield>
    <subfield code="9">http://export.arxiv.org/oai2</subfield>
    <subfield code="d">2013-12-17</subfield>
    <subfield code="h">2013-12-17T11:15:01Z</subfield>
    <subfield code="m"></subfield>
    <subfield code="t">false</subfield>
  </datafield>
  <datafield tag="980" ind1=" " ind2=" ">
    <subfield code="a">PREPRINT</subfield>
  </datafield>
</record>