
<record>
  
  
  <datafield tag="100" ind1=" " ind2=" ">
    <subfield code="a">Díaz-Caro, Alejandro</subfield>
  </datafield>
  <datafield tag="245" ind1=" " ind2=" ">
    <subfield code="a">Call-by-value non-determinism in a linear logic type discipline</subfield>
  </datafield>
  <datafield tag="260" ind1=" " ind2=" ">
    <subfield code="c">2013-12-16</subfield>
  </datafield>
  <datafield tag="520" ind1=" " ind2=" ">
    <subfield code="a">  We consider the call-by-value lambda-calculus extended with a may-convergent
non-deterministic choice and a must-convergent parallel composition. Inspired
by recent works on the relational semantics of linear logic and non-idempotent
intersection types, we endow this calculus with a type system based on the
so-called Girard's second translation of intuitionistic logic into linear
logic. We prove that a term is typable if and only if it is converging, and
that its typing tree carries enough information to give a bound on the length
of its lazy call-by-value reduction. Moreover, when the typing tree is minimal,
such a bound becomes the exact length of the reduction.
</subfield>
  </datafield>
  <datafield tag="650" ind1="1" ind2="7">
    <subfield code="a">Computer Science - Logic in Computer Science</subfield>
  </datafield>
  <datafield tag="655" ind1="7" ind2=" ">
    <subfield code="a">text</subfield>
  </datafield>
  <datafield tag="700" ind1=" " ind2=" ">
    <subfield code="a">Manzonetto, Giulio</subfield>
  </datafield>
  <datafield tag="700" ind1=" " ind2=" ">
    <subfield code="a">Pagani, Michele</subfield>
  </datafield>
  <datafield tag="035" ind1=" " ind2=" ">
    <subfield code="a">oai:arXiv.org:1312.4507</subfield>
    <subfield code="u">http://export.arxiv.org/oai2</subfield>
    <subfield code="9">http://export.arxiv.org/oai2</subfield>
    <subfield code="d">2013-12-17</subfield>
    <subfield code="h">2013-12-17T11:15:01Z</subfield>
    <subfield code="m"></subfield>
    <subfield code="t">false</subfield>
  </datafield>
  <datafield tag="980" ind1=" " ind2=" ">
    <subfield code="a">PREPRINT</subfield>
  </datafield>
</record>