
<record>
  
  
  <datafield tag="100" ind1=" " ind2=" ">
    <subfield code="a">Robert, Didier</subfield>
  </datafield>
  <datafield tag="245" ind1=" " ind2=" ">
    <subfield code="a">Random weighted Sobolev inequalities and application to quantum
  ergodicity</subfield>
  </datafield>
  <datafield tag="260" ind1=" " ind2=" ">
    <subfield code="c">2013-12-16</subfield>
  </datafield>
  <datafield tag="520" ind1=" " ind2=" ">
    <subfield code="a">  This paper is a continuation of Poiret-Robert-Thomann (2013) where we studied
a randomisation method based on the Laplacian with harmonic potential. Here we
extend our previous results to the case of any polynomial and confining
potential $V$ on $\R^d$. We construct measures, under concentration type
assumptions, on the support of which we prove optimal weighted Sobolev
estimates on $\R^d$. This construction relies on accurate estimates on the
spectral function in a non-compact configuration space. Then we prove random
quantum ergodicity results without specific assumption on the classical
dynamics. Finally, we prove that almost all basis of Hermite functions is
quantum uniquely ergodic.
</subfield>
  </datafield>
  <datafield tag="650" ind1="1" ind2="7">
    <subfield code="a">Mathematics - Analysis of PDEs</subfield>
  </datafield>
  <datafield tag="655" ind1="7" ind2=" ">
    <subfield code="a">text</subfield>
  </datafield>
  <datafield tag="700" ind1=" " ind2=" ">
    <subfield code="a">Thomann, Laurent</subfield>
  </datafield>
  <datafield tag="035" ind1=" " ind2=" ">
    <subfield code="a">oai:arXiv.org:1312.4506</subfield>
    <subfield code="u">http://export.arxiv.org/oai2</subfield>
    <subfield code="9">http://export.arxiv.org/oai2</subfield>
    <subfield code="d">2013-12-17</subfield>
    <subfield code="h">2013-12-17T11:15:01Z</subfield>
    <subfield code="m"></subfield>
    <subfield code="t">false</subfield>
  </datafield>
  <datafield tag="980" ind1=" " ind2=" ">
    <subfield code="a">PREPRINT</subfield>
  </datafield>
</record>