
<record>
  
  
  <datafield tag="100" ind1=" " ind2=" ">
    <subfield code="a">Collin, Eddy</subfield>
  </datafield>
  <datafield tag="245" ind1=" " ind2=" ">
    <subfield code="a">'Fast Exchange' model visualized with 3He confined in aerogel: a Fermi
  liquid in contact with a Ferromagnetic solid</subfield>
  </datafield>
  <datafield tag="260" ind1=" " ind2=" ">
    <subfield code="c">2013-12-16</subfield>
  </datafield>
  <datafield tag="520" ind1=" " ind2=" ">
    <subfield code="a">  3He confined in aerogel in the millikelvin temperature domain exemplifies a
Fermi liquid in the presence of disorder. In confined 3He systems, a solid
layer of 3He atoms forms on the confining medium. This system can then be
viewed as a model system for the study of the (strongly interacting) Fermi
liquid in contact with a (ferromagnetic) "2D-like" adsorbed solid. This
interaction, studied experimentally through NMR T2 experiments, is described in
the framework of the "fast exchange" model. A complete analytical descripion of
the model is given, explaining our measurements as well as related normal-state
confined 3He NMR literature.
</subfield>
  </datafield>
  <datafield tag="650" ind1="1" ind2="7">
    <subfield code="a">Condensed Matter - Strongly Correlated Electrons</subfield>
  </datafield>
  <datafield tag="655" ind1="7" ind2=" ">
    <subfield code="a">text</subfield>
  </datafield>
  <datafield tag="700" ind1=" " ind2=" ">
    <subfield code="a">Triqueneaux, Sebastien</subfield>
  </datafield>
  <datafield tag="700" ind1=" " ind2=" ">
    <subfield code="a">Bunkov, Yuriy M.</subfield>
  </datafield>
  <datafield tag="700" ind1=" " ind2=" ">
    <subfield code="a">Godfrin, Henri</subfield>
  </datafield>
  <datafield tag="035" ind1=" " ind2=" ">
    <subfield code="a">oai:arXiv.org:1312.4504</subfield>
    <subfield code="u">http://export.arxiv.org/oai2</subfield>
    <subfield code="9">http://export.arxiv.org/oai2</subfield>
    <subfield code="d">2013-12-17</subfield>
    <subfield code="h">2013-12-17T11:15:01Z</subfield>
    <subfield code="m"></subfield>
    <subfield code="t">false</subfield>
  </datafield>
  <datafield tag="980" ind1=" " ind2=" ">
    <subfield code="a">PREPRINT</subfield>
  </datafield>
</record>