
<record>
  
  
  <datafield tag="100" ind1=" " ind2=" ">
    <subfield code="a">Caliandro, Giuseppe Andrea</subfield>
  </datafield>
  <datafield tag="245" ind1=" " ind2=" ">
    <subfield code="a">A new concept of y-ray telescope. LArGO: Liquid Argon Gamma-ray
  Observatory</subfield>
  </datafield>
  <datafield tag="260" ind1=" " ind2=" ">
    <subfield code="c">2013-12-16</subfield>
  </datafield>
  <datafield tag="520" ind1=" " ind2=" ">
    <subfield code="a">  LArGO (Liquid Argon Gamma-ray Observatory) consists of a new design for a
$\gamma$-ray telescope, which exploits the idea of using a Liquid Argon Time
Projection Chamber (LAr-TPC) as tracker-converter. Particle tracking in LAr-TPC
can efficiently starts since the primary photon vertex. Indeed, while in the
present space telescopes the incident photon converts in a tungsten foil, which
is a passive material, in a LAr-TPC this conversion happens in LAr itself,
which is fully active. In this proceeding is described a plausible design for
the tracker-converter detector which fulfills the constraints on conversion
efficiency, angular resolution, and wide field of view. It is demonstrated how
this design can provide an unprecedented angular resolution for a $\gamma$-ray
telescope, leading to a significant improvement in sensitivity and most
important disclosing the possibility to detect the polarization of $\gamma$-ray
emission.
</subfield>
  </datafield>
  <datafield tag="650" ind1="1" ind2="7">
    <subfield code="a">Astrophysics - Instrumentation and Methods for Astrophysics</subfield>
  </datafield>
  <datafield tag="655" ind1="7" ind2=" ">
    <subfield code="a">text</subfield>
  </datafield>
  <datafield tag="700" ind1=" " ind2=" ">
    <subfield code="a">Rossi, Biagio</subfield>
  </datafield>
  <datafield tag="700" ind1=" " ind2=" ">
    <subfield code="a">Longo, Francesco</subfield>
  </datafield>
  <datafield tag="700" ind1=" " ind2=" ">
    <subfield code="a">Fiorillo, Giuliana</subfield>
  </datafield>
  <datafield tag="700" ind1=" " ind2=" ">
    <subfield code="a">Labanti, Claudio</subfield>
  </datafield>
  <datafield tag="700" ind1=" " ind2=" ">
    <subfield code="a">Sanchez, Federico</subfield>
  </datafield>
  <datafield tag="700" ind1=" " ind2=" ">
    <subfield code="a">Lux, Thorsten</subfield>
  </datafield>
  <datafield tag="035" ind1=" " ind2=" ">
    <subfield code="a">oai:arXiv.org:1312.4503</subfield>
    <subfield code="u">http://export.arxiv.org/oai2</subfield>
    <subfield code="9">http://export.arxiv.org/oai2</subfield>
    <subfield code="d">2013-12-17</subfield>
    <subfield code="h">2013-12-17T11:15:01Z</subfield>
    <subfield code="m"></subfield>
    <subfield code="t">false</subfield>
  </datafield>
  <datafield tag="980" ind1=" " ind2=" ">
    <subfield code="a">PREPRINT</subfield>
  </datafield>
</record>