
<record>
  
  
  <datafield tag="100" ind1=" " ind2=" ">
    <subfield code="a">Brockway, Seph Shewell</subfield>
  </datafield>
  <datafield tag="245" ind1=" " ind2=" ">
    <subfield code="a">Computing the unknotting numbers of certain pretzel knots</subfield>
  </datafield>
  <datafield tag="260" ind1=" " ind2=" ">
    <subfield code="c">2013-12-16</subfield>
  </datafield>
  <datafield tag="520" ind1=" " ind2=" ">
    <subfield code="a">  We compute the unknotting number of two infinite families of pretzel knots,
$P(3,1,\dots,1,b)$ (with $b$ positive and odd and an odd number of 1s) and
$P(3,3,3c)$ (with $c$ positive and odd). To do this, we extend a technique of
Owens using Donaldson's diagonalization theorem, and one of Traczyk using the
Jones polynomial, building on work of Lickorish and Millett.
</subfield>
  </datafield>
  <datafield tag="650" ind1="1" ind2="7">
    <subfield code="a">Mathematics - Geometric Topology</subfield>
  </datafield>
  <datafield tag="655" ind1="7" ind2=" ">
    <subfield code="a">text</subfield>
  </datafield>
  <datafield tag="035" ind1=" " ind2=" ">
    <subfield code="a">oai:arXiv.org:1312.4502</subfield>
    <subfield code="u">http://export.arxiv.org/oai2</subfield>
    <subfield code="9">http://export.arxiv.org/oai2</subfield>
    <subfield code="d">2013-12-17</subfield>
    <subfield code="h">2013-12-17T11:15:01Z</subfield>
    <subfield code="m"></subfield>
    <subfield code="t">false</subfield>
  </datafield>
  <datafield tag="980" ind1=" " ind2=" ">
    <subfield code="a">PREPRINT</subfield>
  </datafield>
</record>