
<record>
  
  
  <datafield tag="100" ind1=" " ind2=" ">
    <subfield code="a">Collin, Eddy</subfield>
  </datafield>
  <datafield tag="245" ind1=" " ind2=" ">
    <subfield code="a">Metallic coatings of MEMS at low temperatures: stress, elasticity and
  non-linear dissipation</subfield>
  </datafield>
  <datafield tag="260" ind1=" " ind2=" ">
    <subfield code="c">2013-12-16</subfield>
  </datafield>
  <datafield tag="520" ind1=" " ind2=" ">
    <subfield code="a">  We present mechanical measurements performed at low temperatures on
cantilever-based microelectro-mechanicalstructures(MEMS) coated with a metallic
layer. Two very different coatings are presented in order to illustrate the
capabilities of the present approach, namely (soft) aluminum and (hard) niobium
oxide. The temperature is used as a control parameter to access materials
properties. We benefit from low temperature techniques to extract a
phase-resolved measurement of the first mechanical resonance mode in cryogenic
vacuum. By repeating the experiment on the same samples, after multiple
metallic depositions, we can determine accurately the contribution of the
coating layers to the mechanical properties in terms of surface stress,
additional mass, additional elasticity and damping. Analytic theoretical
expressions are derived and used to fit the data. Taking advantage of the
extremely broad dynamic range provided by the technique, we can measure the
anelasticity of the thin metallic film. The key parameters describing the
metals' dynamics are analyzed in an original way in order to provide new
experimental grounds for future theoretical modelings of the underlying
mechanisms.
</subfield>
  </datafield>
  <datafield tag="650" ind1="1" ind2="7">
    <subfield code="a">Condensed Matter - Mesoscale and Nanoscale Physics</subfield>
  </datafield>
  <datafield tag="655" ind1="7" ind2=" ">
    <subfield code="a">text</subfield>
  </datafield>
  <datafield tag="700" ind1=" " ind2=" ">
    <subfield code="a">Kofler, Johannes</subfield>
  </datafield>
  <datafield tag="700" ind1=" " ind2=" ">
    <subfield code="a">Lakhloufi, Sabine</subfield>
  </datafield>
  <datafield tag="700" ind1=" " ind2=" ">
    <subfield code="a">Pairis, Sebastien</subfield>
  </datafield>
  <datafield tag="700" ind1=" " ind2=" ">
    <subfield code="a">Bunkov, Yuriy M.</subfield>
  </datafield>
  <datafield tag="700" ind1=" " ind2=" ">
    <subfield code="a">Godfrin, Henri</subfield>
  </datafield>
  <datafield tag="035" ind1=" " ind2=" ">
    <subfield code="a">oai:arXiv.org:1312.4501</subfield>
    <subfield code="u">http://export.arxiv.org/oai2</subfield>
    <subfield code="9">http://export.arxiv.org/oai2</subfield>
    <subfield code="d">2013-12-17</subfield>
    <subfield code="h">2013-12-17T11:15:01Z</subfield>
    <subfield code="m"></subfield>
    <subfield code="t">false</subfield>
  </datafield>
  <datafield tag="980" ind1=" " ind2=" ">
    <subfield code="a">PREPRINT</subfield>
  </datafield>
</record>