
<record>
  
  
  <datafield tag="100" ind1=" " ind2=" ">
    <subfield code="a">Jayich, A. M.</subfield>
  </datafield>
  <datafield tag="245" ind1=" " ind2=" ">
    <subfield code="a">Continuous all-optical deceleration and single-photon cooling of
  molecular beams</subfield>
  </datafield>
  <datafield tag="260" ind1=" " ind2=" ">
    <subfield code="c">2013-12-16</subfield>
  </datafield>
  <datafield tag="520" ind1=" " ind2=" ">
    <subfield code="a">  Ultracold molecular gases are promising as an avenue to rich many-body
physics, quantum chemistry, quantum information, and precision measurements.
This richness, which flows from the complex internal structure of molecules,
makes the creation of ultracold molecular gases using traditional methods
(laser plus evaporative cooling) a challenge, in particular due to the
spontaneous decay of molecules into dark states. We propose a way to circumvent
this key bottleneck using an all-optical method for decelerating molecules
using stimulated absorption and emission with a single ultrafast laser. We
further describe single-photon cooling of the decelerating molecules that
exploits their high dark state pumping rates, turning the principal obstacle to
molecular laser cooling into an advantage. Cooling and deceleration may be
applied simultaneously and continuously to load molecules into a trap. We
discuss implementation details including multi-level numerical simulations of
strontium monohydride (SrH). These techniques are applicable to a large number
of molecular species and atoms with the only requirement being an electric
dipole transition that can be accessed with an ultrafast laser.
</subfield>
  </datafield>
  <datafield tag="650" ind1="1" ind2="7">
    <subfield code="a">Physics - Atomic Physics</subfield>
  </datafield>
  <datafield tag="655" ind1="7" ind2=" ">
    <subfield code="a">text</subfield>
  </datafield>
  <datafield tag="700" ind1=" " ind2=" ">
    <subfield code="a">Vutha, A. C.</subfield>
  </datafield>
  <datafield tag="700" ind1=" " ind2=" ">
    <subfield code="a">Hummon, M. T.</subfield>
  </datafield>
  <datafield tag="700" ind1=" " ind2=" ">
    <subfield code="a">Porto, J. V.</subfield>
  </datafield>
  <datafield tag="700" ind1=" " ind2=" ">
    <subfield code="a">Campbell, W. C.</subfield>
  </datafield>
  <datafield tag="035" ind1=" " ind2=" ">
    <subfield code="a">oai:arXiv.org:1312.4499</subfield>
    <subfield code="u">http://export.arxiv.org/oai2</subfield>
    <subfield code="9">http://export.arxiv.org/oai2</subfield>
    <subfield code="d">2013-12-17</subfield>
    <subfield code="h">2013-12-17T11:15:01Z</subfield>
    <subfield code="m"></subfield>
    <subfield code="t">false</subfield>
  </datafield>
  <datafield tag="980" ind1=" " ind2=" ">
    <subfield code="a">PREPRINT</subfield>
  </datafield>
</record>