
<record>
  
  
  <datafield tag="100" ind1=" " ind2=" ">
    <subfield code="a">Collin, Eddy</subfield>
  </datafield>
  <datafield tag="245" ind1=" " ind2=" ">
    <subfield code="a">Addressing geometric non-linearities with cantilever MEMS: beyond the
  Duffing model</subfield>
  </datafield>
  <datafield tag="260" ind1=" " ind2=" ">
    <subfield code="c">2013-12-16</subfield>
  </datafield>
  <datafield tag="520" ind1=" " ind2=" ">
    <subfield code="a">  We report on low temperature measurements performed on
micro-electro-mechanical systems (MEMS) driven deeply into the non-linear
regime. The materials are kept in their elastic domain, while the observed
non-linearity is purely of geometrical origin. Two techniques are used,
harmonic drive and free decay. For each case, we present an analytic theory
fitting the data. The harmonic drive is fit with a Lorentz-like lineshape
obtained from an extended version of Landau and Lifshitz's non-linear theory.
The evolution in the time domain is fit with an amplitude-dependent frequency
decaying function derived from the Lindstedt-Poincar'e theory of non-linear
differential equations. The technique is perfectly generic and can be
straightforwardly adapted to any mechanical device made of ideally elastic
constituents, and which can be reduced to a single degree of freedom, for an
experimental definition of its non-linear dynamics equation.
</subfield>
  </datafield>
  <datafield tag="650" ind1="1" ind2="7">
    <subfield code="a">Condensed Matter - Mesoscale and Nanoscale Physics</subfield>
  </datafield>
  <datafield tag="655" ind1="7" ind2=" ">
    <subfield code="a">text</subfield>
  </datafield>
  <datafield tag="700" ind1=" " ind2=" ">
    <subfield code="a">Bunkov, Yuriy M.</subfield>
  </datafield>
  <datafield tag="700" ind1=" " ind2=" ">
    <subfield code="a">Godfrin, Henri</subfield>
  </datafield>
  <datafield tag="035" ind1=" " ind2=" ">
    <subfield code="a">oai:arXiv.org:1312.4498</subfield>
    <subfield code="u">http://export.arxiv.org/oai2</subfield>
    <subfield code="9">http://export.arxiv.org/oai2</subfield>
    <subfield code="d">2013-12-17</subfield>
    <subfield code="h">2013-12-17T11:15:01Z</subfield>
    <subfield code="m"></subfield>
    <subfield code="t">false</subfield>
  </datafield>
  <datafield tag="980" ind1=" " ind2=" ">
    <subfield code="a">PREPRINT</subfield>
  </datafield>
</record>