
<record>
  
  
  <datafield tag="100" ind1=" " ind2=" ">
    <subfield code="a">Delyon, Bernard</subfield>
  </datafield>
  <datafield tag="245" ind1=" " ind2=" ">
    <subfield code="a">On the acceleration of some empirical means with application to
  nonparametric regression</subfield>
  </datafield>
  <datafield tag="260" ind1=" " ind2=" ">
    <subfield code="c">2013-12-16</subfield>
  </datafield>
  <datafield tag="520" ind1=" " ind2=" ">
    <subfield code="a">  Let $(X_1,\ldots ,X_n)$ be an i.i.d. sequence of random variables in $\R^d$,
$d\geq 1$, for some function $\varphi:\R^d\r \R$, under regularity conditions,
we show that \begin{align*} n^{1/2} \left(n^{-1} \sum_{i=1}^n
\frac{\varphi(X_i)}{\w f^{(i)}(X_i)}-\int_{} \varphi(x)dx \right)
\overset{\P}{\lr} 0, \end{align*} where $\w f^{(i)}$ is the classical
leave-one-out kernel estimator of the density of $X_1$. This result is striking
because it speeds up traditional rates, in root $n$, derived from the central
limit theorem when $\w f^{(i)}=f$. As a consequence, it improves the classical
Monte Carlo procedure for integral approximation. The paper mainly addressed
with theoretical issues related to the later result (rates of convergence,
bandwidth choice, regularity of $\varphi$) but also interests some statistical
applications dealing with random design regression. In particular, we provide
the asymptotic normality of the estimation of the linear functionals of a
regression function on which the only requirement is the H\"older regularity.
This leads us to a new version of the \textit{average derivative estimator}
introduced by H\"ardle and Stoker in \cite{hardle1989} which allows for
\textit{dimension reduction} by estimating the \textit{index space} of a
regression.
</subfield>
  </datafield>
  <datafield tag="650" ind1="1" ind2="7">
    <subfield code="a">Mathematics - Statistics Theory</subfield>
  </datafield>
  <datafield tag="655" ind1="7" ind2=" ">
    <subfield code="a">text</subfield>
  </datafield>
  <datafield tag="700" ind1=" " ind2=" ">
    <subfield code="a">Portier, François</subfield>
  </datafield>
  <datafield tag="035" ind1=" " ind2=" ">
    <subfield code="a">oai:arXiv.org:1312.4497</subfield>
    <subfield code="u">http://export.arxiv.org/oai2</subfield>
    <subfield code="9">http://export.arxiv.org/oai2</subfield>
    <subfield code="d">2013-12-17</subfield>
    <subfield code="h">2013-12-17T11:15:01Z</subfield>
    <subfield code="m"></subfield>
    <subfield code="t">false</subfield>
  </datafield>
  <datafield tag="980" ind1=" " ind2=" ">
    <subfield code="a">PREPRINT</subfield>
  </datafield>
</record>