
<record>
  
  
  <datafield tag="100" ind1=" " ind2=" ">
    <subfield code="a">Manyuhina, O. V.</subfield>
  </datafield>
  <datafield tag="245" ind1=" " ind2=" ">
    <subfield code="a">Protein crowding on biomembranes: analysis of contour instabilities</subfield>
  </datafield>
  <datafield tag="260" ind1=" " ind2=" ">
    <subfield code="c">2013-12-16</subfield>
  </datafield>
  <datafield tag="520" ind1=" " ind2=" ">
    <subfield code="a">  The collective behaviour of proteins on biomembranes is usually studied
within the spontaneous curvature model. Here we consider an alternative
approach, which accounts consistently for the liquid-crystalline order of
proteins together with the morphology of biomembrane. We show analytically that
the anchoring forces exerted on the membrane by a layer of proteins can lead to
the membrane bending. Within a broad range of parameters the calculated
equilibrium shapes are similar to the ones observed in experiments while
budding of vesicles and division of cells. The predicted instabilities can
advance our conceptual understanding of the collective phenomena in biological
systems.
</subfield>
  </datafield>
  <datafield tag="650" ind1="1" ind2="7">
    <subfield code="a">Condensed Matter - Soft Condensed Matter</subfield>
  </datafield>
  <datafield tag="655" ind1="7" ind2=" ">
    <subfield code="a">text</subfield>
  </datafield>
  <datafield tag="035" ind1=" " ind2=" ">
    <subfield code="a">oai:arXiv.org:1312.4496</subfield>
    <subfield code="u">http://export.arxiv.org/oai2</subfield>
    <subfield code="9">http://export.arxiv.org/oai2</subfield>
    <subfield code="d">2013-12-17</subfield>
    <subfield code="h">2013-12-17T11:15:01Z</subfield>
    <subfield code="m"></subfield>
    <subfield code="t">false</subfield>
  </datafield>
  <datafield tag="980" ind1=" " ind2=" ">
    <subfield code="a">PREPRINT</subfield>
  </datafield>
</record>