
<record>
  
  
  <datafield tag="100" ind1=" " ind2=" ">
    <subfield code="a">Druchok, M.</subfield>
  </datafield>
  <datafield tag="245" ind1=" " ind2=" ">
    <subfield code="a">Interaction of the model alkyltrimethylammonium ions with alkali halide
  salts: an explicit water molecular dynamics study</subfield>
  </datafield>
  <datafield tag="260" ind1=" " ind2=" ">
    <subfield code="c">2013-12-16</subfield>
  </datafield>
  <datafield tag="520" ind1=" " ind2=" ">
    <subfield code="a">  We present an explicit water molecular dynamics simulation of dilute
solutions of model alkyltrimethylammonium surfactant ions (number of methylene
groups in the tail is 3, 5, 8, 10, and 12) in mixture with NaF, NaCl, NaBr, and
NaI salts, respectively. The SPC/E model is used to describe water molecules.
Results of the simulation at 298 K are presented in the form of radial
distribution functions between nitrogen and carbon atoms of CH$_2$ groups on
the alkyltrimethylammonium ion, and the counterion species in the solution. The
running coordination numbers between carbon atoms of surfactants and
counterions are also calculated. We show that I$^-$ counterion exhibits the
highest, and F$^-$ the lowest affinity to "bind" to the model surfactants. The
results are discussed in view of the available experimental and simulation data
for this and similar solutions.
</subfield>
  </datafield>
  <datafield tag="650" ind1="1" ind2="7">
    <subfield code="a">Condensed Matter - Soft Condensed Matter</subfield>
  </datafield>
  <datafield tag="655" ind1="7" ind2=" ">
    <subfield code="a">text</subfield>
  </datafield>
  <datafield tag="700" ind1=" " ind2=" ">
    <subfield code="a">Podlipnik, Č.</subfield>
  </datafield>
  <datafield tag="700" ind1=" " ind2=" ">
    <subfield code="a">Vlachy, V.</subfield>
  </datafield>
  <datafield tag="035" ind1=" " ind2=" ">
    <subfield code="a">oai:arXiv.org:1312.4495</subfield>
    <subfield code="u">http://export.arxiv.org/oai2</subfield>
    <subfield code="9">http://export.arxiv.org/oai2</subfield>
    <subfield code="d">2013-12-17</subfield>
    <subfield code="h">2013-12-17T11:15:01Z</subfield>
    <subfield code="m"></subfield>
    <subfield code="t">false</subfield>
  </datafield>
  <datafield tag="980" ind1=" " ind2=" ">
    <subfield code="a">PREPRINT</subfield>
  </datafield>
</record>