
<record>
  
  
  <datafield tag="100" ind1=" " ind2=" ">
    <subfield code="a">Benedetto, Robert L.</subfield>
  </datafield>
  <datafield tag="245" ind1=" " ind2=" ">
    <subfield code="a">Attaining potentially good reduction in arithmetic dynamics</subfield>
  </datafield>
  <datafield tag="260" ind1=" " ind2=" ">
    <subfield code="c">2013-12-16</subfield>
  </datafield>
  <datafield tag="520" ind1=" " ind2=" ">
    <subfield code="a">  Let K be a non-archimedean field, and let f in K(z) be a rational function of
degree d>1. If f has potentially good reduction, we give an upper bound,
depending only on d, for the minimal degree of an extension L/K such that f is
conjugate over L to a map of good reduction. In particular, if d=2 or d is
greater than the residue characteristic of K, the bound is d+1. If K is
discretely valued, we give examples to show that our bound is sharp.
</subfield>
  </datafield>
  <datafield tag="650" ind1="1" ind2="7">
    <subfield code="a">Mathematics - Number Theory</subfield>
  </datafield>
  <datafield tag="655" ind1="7" ind2=" ">
    <subfield code="a">text</subfield>
  </datafield>
  <datafield tag="035" ind1=" " ind2=" ">
    <subfield code="a">oai:arXiv.org:1312.4493</subfield>
    <subfield code="u">http://export.arxiv.org/oai2</subfield>
    <subfield code="9">http://export.arxiv.org/oai2</subfield>
    <subfield code="d">2013-12-17</subfield>
    <subfield code="h">2013-12-17T11:15:01Z</subfield>
    <subfield code="m"></subfield>
    <subfield code="t">false</subfield>
  </datafield>
  <datafield tag="980" ind1=" " ind2=" ">
    <subfield code="a">PREPRINT</subfield>
  </datafield>
</record>