
<record>
  
  
  <datafield tag="100" ind1=" " ind2=" ">
    <subfield code="a">Rousselet, Bernard</subfield>
  </datafield>
  <datafield tag="245" ind1=" " ind2=" ">
    <subfield code="a">Triple scale analysis of periodic solutions and resonance of some
  asymmetric non linear vibrating systems</subfield>
  </datafield>
  <datafield tag="260" ind1=" " ind2=" ">
    <subfield code="c">2013-12-16</subfield>
  </datafield>
  <datafield tag="520" ind1=" " ind2=" ">
    <subfield code="a">  We consider {\it small solutions} of a vibrating mechanical system with
smooth non-linearities for which we provide an approximate solution by using a
triple scale analysis; a rigorous proof of convergence of the triple scale
method is included; for the forced response, a stability result is needed in
order to prove convergence in a neighbourhood of a primary resonance. The
amplitude of the response with respect to the frequency forcing is described
and it is related to the frequency of a free periodic vibration.
</subfield>
  </datafield>
  <datafield tag="650" ind1="1" ind2="7">
    <subfield code="a">Mathematics - Classical Analysis and ODEs</subfield>
  </datafield>
  <datafield tag="655" ind1="7" ind2=" ">
    <subfield code="a">text</subfield>
  </datafield>
  <datafield tag="700" ind1=" " ind2=" ">
    <subfield code="a">Brahim, Nadia Ben</subfield>
  </datafield>
  <datafield tag="035" ind1=" " ind2=" ">
    <subfield code="a">oai:arXiv.org:1312.4492</subfield>
    <subfield code="u">http://export.arxiv.org/oai2</subfield>
    <subfield code="9">http://export.arxiv.org/oai2</subfield>
    <subfield code="d">2013-12-17</subfield>
    <subfield code="h">2013-12-17T11:15:01Z</subfield>
    <subfield code="m"></subfield>
    <subfield code="t">false</subfield>
  </datafield>
  <datafield tag="980" ind1=" " ind2=" ">
    <subfield code="a">PREPRINT</subfield>
  </datafield>
</record>