
<record>
  
  
  <datafield tag="100" ind1=" " ind2=" ">
    <subfield code="a">Aubin, Jean-Pierre</subfield>
  </datafield>
  <datafield tag="245" ind1=" " ind2=" ">
    <subfield code="a">Cournot Maps for Intercepting Evader Evolutions by a Pursuer</subfield>
  </datafield>
  <datafield tag="260" ind1=" " ind2=" ">
    <subfield code="c">2013-12-16</subfield>
  </datafield>
  <datafield tag="520" ind1=" " ind2=" ">
    <subfield code="a">  Instead of studying evolutions governed by an evolutionary system starting at
a given initial state on a prescribed future time interval, finite or infinite,
we tackle the problem of looking both for a past interval [T-D,T] of aperture
(or length, duration) D and for the viable evolutions arriving at a prescribed
terminal state at the end of the temporal window (and thus telescoping if more
than one such evolutions exist). Hence, given time and duration dependent
evolutionary system and viability constraints, as well as time dependent
departure constraints, the Cournot map associates with any terminal time T and
state x the apertures D(T,x) of the intervals [T-D(T,x),T], the starting (or
initial) states at the beginning of the temporal window from which at least one
viable evolution will reach the given terminal state x at T. Cournot maps can
be used by a pursuer to intercept an evader's evolution in dynamic game theory.
After providing some properties of Cournot maps are next investigated, above
all, the regulation map piloting the viables evolutions at each time and for
each duration from the beginning of the temporal window up to terminal time.
The next question investigated is the selection of controls or regulons in the
regulation map whenever several of them exist. Selection processes are either
time dependent, when the selection operates at each time, duration and state
for selecting a regulon satisfying required properties (for instance, minimal
norm, minimal speed), or intertemporal. In this case, viable evolutions are
required to optimize some prescribed intertemporal functional, as in optimal
control. This generates value functions, the topics of the second part of this
study
</subfield>
  </datafield>
  <datafield tag="650" ind1="1" ind2="7">
    <subfield code="a">Mathematics - Optimization and Control</subfield>
  </datafield>
  <datafield tag="655" ind1="7" ind2=" ">
    <subfield code="a">text</subfield>
  </datafield>
  <datafield tag="700" ind1=" " ind2=" ">
    <subfield code="a">Luxi, Chen</subfield>
  </datafield>
  <datafield tag="035" ind1=" " ind2=" ">
    <subfield code="a">oai:arXiv.org:1312.4491</subfield>
    <subfield code="u">http://export.arxiv.org/oai2</subfield>
    <subfield code="9">http://export.arxiv.org/oai2</subfield>
    <subfield code="d">2013-12-17</subfield>
    <subfield code="h">2013-12-17T11:15:01Z</subfield>
    <subfield code="m"></subfield>
    <subfield code="t">false</subfield>
  </datafield>
  <datafield tag="980" ind1=" " ind2=" ">
    <subfield code="a">PREPRINT</subfield>
  </datafield>
</record>