
<record>
  
  
  <datafield tag="100" ind1=" " ind2=" ">
    <subfield code="a">Dinkla, Kasper</subfield>
  </datafield>
  <datafield tag="245" ind1=" " ind2=" ">
    <subfield code="a">eXamine: a Cytoscape app for exploring annotated modules in networks</subfield>
  </datafield>
  <datafield tag="260" ind1=" " ind2=" ">
    <subfield code="c">2013-12-16</subfield>
  </datafield>
  <datafield tag="520" ind1=" " ind2=" ">
    <subfield code="a">  Background. Biological networks have growing importance for the
interpretation of high-throughput "omics" data. Statistical and combinatorial
methods allow to obtain mechanistic insights through the extraction of smaller
subnetwork modules. Further enrichment analyses provide set-based annotations
of these modules.
  Results. We present eXamine, a set-oriented visual analysis approach for
annotated modules that displays set membership as contours on top of a
node-link layout. Our approach extends upon Self Organizing Maps to
simultaneously lay out nodes, links, and set contours.
  Conclusions. We implemented eXamine as a freely available Cytoscape app.
Using eXamine we study a module that is activated by the virally-encoded
G-protein coupled receptor US28 and formulate a novel hypothesis about its
functioning.
</subfield>
  </datafield>
  <datafield tag="650" ind1="1" ind2="7">
    <subfield code="a">Quantitative Biology - Molecular Networks</subfield>
  </datafield>
  <datafield tag="655" ind1="7" ind2=" ">
    <subfield code="a">text</subfield>
  </datafield>
  <datafield tag="700" ind1=" " ind2=" ">
    <subfield code="a">El-Kebir, Mohammed</subfield>
  </datafield>
  <datafield tag="700" ind1=" " ind2=" ">
    <subfield code="a">Bucur, Cristina-Iulia</subfield>
  </datafield>
  <datafield tag="700" ind1=" " ind2=" ">
    <subfield code="a">Siderius, Marco</subfield>
  </datafield>
  <datafield tag="700" ind1=" " ind2=" ">
    <subfield code="a">Smit, Martine J.</subfield>
  </datafield>
  <datafield tag="700" ind1=" " ind2=" ">
    <subfield code="a">Westenberg, Michel A.</subfield>
  </datafield>
  <datafield tag="700" ind1=" " ind2=" ">
    <subfield code="a">Klau, Gunnar W.</subfield>
  </datafield>
  <datafield tag="035" ind1=" " ind2=" ">
    <subfield code="a">oai:arXiv.org:1312.4490</subfield>
    <subfield code="u">http://export.arxiv.org/oai2</subfield>
    <subfield code="9">http://export.arxiv.org/oai2</subfield>
    <subfield code="d">2013-12-17</subfield>
    <subfield code="h">2013-12-17T11:15:01Z</subfield>
    <subfield code="m"></subfield>
    <subfield code="t">false</subfield>
  </datafield>
  <datafield tag="980" ind1=" " ind2=" ">
    <subfield code="a">PREPRINT</subfield>
  </datafield>
</record>