
<record>
  
  
  <datafield tag="100" ind1=" " ind2=" ">
    <subfield code="a">Karimi, Mehdi</subfield>
  </datafield>
  <datafield tag="245" ind1=" " ind2=" ">
    <subfield code="a">An Improvised Approach to Robustness in Linear Optimization</subfield>
  </datafield>
  <datafield tag="260" ind1=" " ind2=" ">
    <subfield code="c">2013-12-16</subfield>
  </datafield>
  <datafield tag="520" ind1=" " ind2=" ">
    <subfield code="a">  We treat uncertain linear programming problems by utilizing the notion of
weighted analytic centers and notions from the area of multi-criteria decision
making. In addition to many practical advantages, due to the flexibility of our
approach, we are able to prove that the robust optimal solutions generated by
our algorithms are at least as desirable to the decision maker as any solution
generated by many other robust optimization algorithms. We then develop
interactive cutting-plane algorithms for robust optimization, based on concave
and quasi-concave utility functions. We present some probabilistic bounds for
feasibility of robust solutions and evaluate our approach by means of
computational experiments.
</subfield>
  </datafield>
  <datafield tag="650" ind1="1" ind2="7">
    <subfield code="a">Mathematics - Optimization and Control</subfield>
  </datafield>
  <datafield tag="655" ind1="7" ind2=" ">
    <subfield code="a">text</subfield>
  </datafield>
  <datafield tag="700" ind1=" " ind2=" ">
    <subfield code="a">Moazeni, Somayeh</subfield>
  </datafield>
  <datafield tag="700" ind1=" " ind2=" ">
    <subfield code="a">Tuncel, Levent</subfield>
  </datafield>
  <datafield tag="035" ind1=" " ind2=" ">
    <subfield code="a">oai:arXiv.org:1312.4489</subfield>
    <subfield code="u">http://export.arxiv.org/oai2</subfield>
    <subfield code="9">http://export.arxiv.org/oai2</subfield>
    <subfield code="d">2013-12-17</subfield>
    <subfield code="h">2013-12-17T11:15:01Z</subfield>
    <subfield code="m"></subfield>
    <subfield code="t">false</subfield>
  </datafield>
  <datafield tag="980" ind1=" " ind2=" ">
    <subfield code="a">PREPRINT</subfield>
  </datafield>
</record>