
<record>
  
  
  <datafield tag="100" ind1=" " ind2=" ">
    <subfield code="a">Almarza, N. G.</subfield>
  </datafield>
  <datafield tag="245" ind1=" " ind2=" ">
    <subfield code="a">Phase behaviour of the confined lattice gas Lebwohl-Lasher model</subfield>
  </datafield>
  <datafield tag="260" ind1=" " ind2=" ">
    <subfield code="c">2013-12-16</subfield>
  </datafield>
  <datafield tag="520" ind1=" " ind2=" ">
    <subfield code="a">  The phase behaviour of the Lebwohl-Lasher lattice gas model (one of the
simplest representations of a nematogenic fluid) confined in a slab is
investigated by means of extensive Monte Carlo simulations. The model is known
to yield a first order gas-liquid transition in both the 2D and 3D limits, that
is coupled with an orientational order-disorder transition. This latter
transition happens to be first order in the 3D limit and it shares some
characteristic features with the continuous defect mediated
Berezinskii-Kosterlitz-Thouless transition in 2D. In this work we will analyze
in detail the behaviour of this system taking full advantage of the lattice
nature of the model and the particular symmetry of the interaction potential,
which allows for the use of efficient cluster algorithms.
</subfield>
  </datafield>
  <datafield tag="650" ind1="1" ind2="7">
    <subfield code="a">Condensed Matter - Soft Condensed Matter</subfield>
  </datafield>
  <datafield tag="655" ind1="7" ind2=" ">
    <subfield code="a">text</subfield>
  </datafield>
  <datafield tag="700" ind1=" " ind2=" ">
    <subfield code="a">Martin, C.</subfield>
  </datafield>
  <datafield tag="700" ind1=" " ind2=" ">
    <subfield code="a">Lomba, E.</subfield>
  </datafield>
  <datafield tag="035" ind1=" " ind2=" ">
    <subfield code="a">oai:arXiv.org:1312.4488</subfield>
    <subfield code="u">http://export.arxiv.org/oai2</subfield>
    <subfield code="9">http://export.arxiv.org/oai2</subfield>
    <subfield code="d">2013-12-17</subfield>
    <subfield code="h">2013-12-17T11:15:01Z</subfield>
    <subfield code="m"></subfield>
    <subfield code="t">false</subfield>
  </datafield>
  <datafield tag="980" ind1=" " ind2=" ">
    <subfield code="a">PREPRINT</subfield>
  </datafield>
</record>