
<record>
  
  
  <datafield tag="100" ind1=" " ind2=" ">
    <subfield code="a">Albert, Michael</subfield>
  </datafield>
  <datafield tag="245" ind1=" " ind2=" ">
    <subfield code="a">Permutations sortable by two stacks in parallel and quarter plane walks</subfield>
  </datafield>
  <datafield tag="260" ind1=" " ind2=" ">
    <subfield code="c">2013-12-16</subfield>
  </datafield>
  <datafield tag="520" ind1=" " ind2=" ">
    <subfield code="a">  At the end of the 1960s, Knuth characterized in terms of forbidden patterns
the permutations that can be sorted using a stack. He also showed that they are
in bijection with Dyck paths and thus counted by the Catalan numbers. In the
next years, Even $\&amp;$ Itai, Pratt and Tarjan studied permutations that can be
sorted using two stacks in parallel. This problem is significantly harder. In
particular, a sortable permutation can now be sorted by several distinct
sequences of stack operations. Moreover, in order to be sortable, a permutation
must avoid infinitely many patterns. The associated counting question has
remained open for 40 years. We solve it by giving a pair of functional
equations that characterizes the generating function of permutations that can
be sorted with two parallel stacks. The first component of this system
describes the generating function Q(a,u) of square lattice loops confined to
the positive quadrant, counted by the length and the number of North-West and
East-South factors. Our analysis of the asymptotic number of sortable
permutations relies at the moment on two intriguing conjectures dealing with
the series Q(a,u). We prove that they hold for loops confined to the upper
half-plane, or not confined at all. They remain open for quarter plane loops.
Given the recent activity on walks confined to cones, we believe them to be
attractive per se.
</subfield>
  </datafield>
  <datafield tag="650" ind1="1" ind2="7">
    <subfield code="a">Mathematics - Combinatorics</subfield>
  </datafield>
  <datafield tag="655" ind1="7" ind2=" ">
    <subfield code="a">text</subfield>
  </datafield>
  <datafield tag="700" ind1=" " ind2=" ">
    <subfield code="a">Bousquet-Mélou, Mireille</subfield>
  </datafield>
  <datafield tag="035" ind1=" " ind2=" ">
    <subfield code="a">oai:arXiv.org:1312.4487</subfield>
    <subfield code="u">http://export.arxiv.org/oai2</subfield>
    <subfield code="9">http://export.arxiv.org/oai2</subfield>
    <subfield code="d">2013-12-17</subfield>
    <subfield code="h">2013-12-17T11:15:01Z</subfield>
    <subfield code="m"></subfield>
    <subfield code="t">false</subfield>
  </datafield>
  <datafield tag="980" ind1=" " ind2=" ">
    <subfield code="a">PREPRINT</subfield>
  </datafield>
</record>