
<record>
  
  
  <datafield tag="100" ind1=" " ind2=" ">
    <subfield code="a">Duval, Christian</subfield>
  </datafield>
  <datafield tag="245" ind1=" " ind2=" ">
    <subfield code="a">Polarized Spinoptics and Symplectic Physics</subfield>
  </datafield>
  <datafield tag="260" ind1=" " ind2=" ">
    <subfield code="c">2013-12-16</subfield>
  </datafield>
  <datafield tag="520" ind1=" " ind2=" ">
    <subfield code="a">  We recall the groundwork of spinoptics based on the coadjoint orbits, of
given color and spin, of the group of isometries of Euclidean three-space; this
model has originally been put forward by Souriau in his treatise "Structure des
Syst\'emes Dynamiques", whose manuscript was initially entitled "Physique
symplectique". We then set up a model of polarized spinoptics, namely an
extension of geometrical optics accounting for elliptically polarized light
rays in terms of a certain fibre bundle associated with the bundle of Euclidean
frames of a given Riemannian three-manifold. The characteristic foliation of a
natural presymplectic two-form introduced on this bundle via the Ansatz of
minimal coupling is determined, yielding a set of differential equations
governing the trajectory of light, as well as the evolution of polarization in
this Riemannian manifold. Those equations, when specialized to the Fermat
metric (for a slowly varying refractive index), enable us to recover, and
justify, a set of differential equations earlier proposed in the literature, in
another context, namely in terms of a semi-classical limit of wave optics. They
feature a specific anomalous velocity responsible for the recently observed
Spin Hall Effect of Light, namely a tiny spatial deflection of polarized light
rays, transversally to the gradient of the refractive index. Our model,
constructed from the start on purely geometric grounds, turns out to encode
automatically the Berry as well as the Pancharatnam connections that usually
appear in the framework of wave optics.
</subfield>
  </datafield>
  <datafield tag="650" ind1="1" ind2="7">
    <subfield code="a">Mathematical Physics</subfield>
  </datafield>
  <datafield tag="655" ind1="7" ind2=" ">
    <subfield code="a">text</subfield>
  </datafield>
  <datafield tag="035" ind1=" " ind2=" ">
    <subfield code="a">oai:arXiv.org:1312.4486</subfield>
    <subfield code="u">http://export.arxiv.org/oai2</subfield>
    <subfield code="9">http://export.arxiv.org/oai2</subfield>
    <subfield code="d">2013-12-17</subfield>
    <subfield code="h">2013-12-17T11:15:01Z</subfield>
    <subfield code="m"></subfield>
    <subfield code="t">false</subfield>
  </datafield>
  <datafield tag="980" ind1=" " ind2=" ">
    <subfield code="a">PREPRINT</subfield>
  </datafield>
</record>