
<record>
  
  
  <datafield tag="100" ind1=" " ind2=" ">
    <subfield code="a">Bouclet, Jean-Marc</subfield>
  </datafield>
  <datafield tag="245" ind1=" " ind2=" ">
    <subfield code="a">Local Energy Decay for the Damped Wave Equation</subfield>
  </datafield>
  <datafield tag="260" ind1=" " ind2=" ">
    <subfield code="c">2013-12-16</subfield>
  </datafield>
  <datafield tag="520" ind1=" " ind2=" ">
    <subfield code="a">  We prove local energy decay for the damped wave equation on R^d. The problem
which we consider is given by a long range metric perturbation of the Euclidean
Laplacian with a short range absorption index. Under a geometric control
assumption on the dissipation we obtain an almost optimal polynomial decay for
the energy in suitable weighted spaces. The proof relies on uniform estimates
for the corresponding "resolvent", both for low and high frequencies. These
estimates are given by an improved dissipative version of Mourre's commutators
method.
</subfield>
  </datafield>
  <datafield tag="650" ind1="1" ind2="7">
    <subfield code="a">Mathematical Physics</subfield>
  </datafield>
  <datafield tag="655" ind1="7" ind2=" ">
    <subfield code="a">text</subfield>
  </datafield>
  <datafield tag="700" ind1=" " ind2=" ">
    <subfield code="a">Royer, Julien</subfield>
  </datafield>
  <datafield tag="035" ind1=" " ind2=" ">
    <subfield code="a">oai:arXiv.org:1312.4483</subfield>
    <subfield code="u">http://export.arxiv.org/oai2</subfield>
    <subfield code="9">http://export.arxiv.org/oai2</subfield>
    <subfield code="d">2013-12-17</subfield>
    <subfield code="h">2013-12-17T11:15:01Z</subfield>
    <subfield code="m"></subfield>
    <subfield code="t">false</subfield>
  </datafield>
  <datafield tag="980" ind1=" " ind2=" ">
    <subfield code="a">PREPRINT</subfield>
  </datafield>
</record>