
<record>
  
  
  <datafield tag="100" ind1=" " ind2=" ">
    <subfield code="a">Valiskó, M.</subfield>
  </datafield>
  <datafield tag="245" ind1=" " ind2=" ">
    <subfield code="a">Selective adsorption of ions in charged slit-systems</subfield>
  </datafield>
  <datafield tag="260" ind1=" " ind2=" ">
    <subfield code="c">2013-12-16</subfield>
  </datafield>
  <datafield tag="520" ind1=" " ind2=" ">
    <subfield code="a">  We study the selective adsorption of various cations into a layered slit
system using grand canonical Monte Carlo simulations. The slit system is formed
by a series of negatively charged membranes. The electrolyte contains two kinds
of cations with different sizes and valences modelled by charged hard spheres
immersed in a continuum dielectric solvent. We present the results for various
cases depending on the combinations of the properties of the competing cations.
We concentrate on the case when the divalent cations are larger than the
monovalent cations. In this case, size and charge have counterbalancing
effects, which results in interesting selectivity phenomena.
</subfield>
  </datafield>
  <datafield tag="650" ind1="1" ind2="7">
    <subfield code="a">Condensed Matter - Soft Condensed Matter</subfield>
  </datafield>
  <datafield tag="655" ind1="7" ind2=" ">
    <subfield code="a">text</subfield>
  </datafield>
  <datafield tag="700" ind1=" " ind2=" ">
    <subfield code="a">Henderson, D.</subfield>
  </datafield>
  <datafield tag="700" ind1=" " ind2=" ">
    <subfield code="a">Boda, D.</subfield>
  </datafield>
  <datafield tag="035" ind1=" " ind2=" ">
    <subfield code="a">oai:arXiv.org:1312.4482</subfield>
    <subfield code="u">http://export.arxiv.org/oai2</subfield>
    <subfield code="9">http://export.arxiv.org/oai2</subfield>
    <subfield code="d">2013-12-17</subfield>
    <subfield code="h">2013-12-17T11:15:01Z</subfield>
    <subfield code="m"></subfield>
    <subfield code="t">false</subfield>
  </datafield>
  <datafield tag="980" ind1=" " ind2=" ">
    <subfield code="a">PREPRINT</subfield>
  </datafield>
</record>