
<record>
  
  
  <datafield tag="100" ind1=" " ind2=" ">
    <subfield code="a">Yang, Chang</subfield>
  </datafield>
  <datafield tag="245" ind1=" " ind2=" ">
    <subfield code="a">Conservative and non-conservative methods based on hermite weighted
  essentially-non-oscillatory reconstruction for Vlasov equations</subfield>
  </datafield>
  <datafield tag="260" ind1=" " ind2=" ">
    <subfield code="c">2013-12-16</subfield>
  </datafield>
  <datafield tag="520" ind1=" " ind2=" ">
    <subfield code="a">  We introduce a WENO reconstruction based on Hermite interpolation both for
semi-Lagrangian and finite difference methods. This WENO reconstruction
technique allows to control spurious oscillations. We develop third and fifth
order methods and apply them to non-conservative semi-Lagrangian schemes and
conservative finite difference methods. Our numerical results will be compared
to the usual semi-Lagrangian method with cubic spline reconstruction and the
classical fifth order WENO finite difference scheme. These reconstructions are
observed to be less dissipative than the usual weighted essentially non-
oscillatory procedure. We apply these methods to transport equations in the
context of plasma physics and the numerical simulation of turbulence phenomena.
</subfield>
  </datafield>
  <datafield tag="650" ind1="1" ind2="7">
    <subfield code="a">Mathematics - Numerical Analysis</subfield>
  </datafield>
  <datafield tag="655" ind1="7" ind2=" ">
    <subfield code="a">text</subfield>
  </datafield>
  <datafield tag="700" ind1=" " ind2=" ">
    <subfield code="a">Filbet, Francis</subfield>
  </datafield>
  <datafield tag="035" ind1=" " ind2=" ">
    <subfield code="a">oai:arXiv.org:1312.4481</subfield>
    <subfield code="u">http://export.arxiv.org/oai2</subfield>
    <subfield code="9">http://export.arxiv.org/oai2</subfield>
    <subfield code="d">2013-12-17</subfield>
    <subfield code="h">2013-12-17T11:15:01Z</subfield>
    <subfield code="m"></subfield>
    <subfield code="t">false</subfield>
  </datafield>
  <datafield tag="980" ind1=" " ind2=" ">
    <subfield code="a">PREPRINT</subfield>
  </datafield>
</record>