
<record>
  
  
  <datafield tag="100" ind1=" " ind2=" ">
    <subfield code="a">Fernique, Pierre</subfield>
  </datafield>
  <datafield tag="245" ind1=" " ind2=" ">
    <subfield code="a">Parametric Modelling of Multivariate Count Data Using Probabilistic
  Graphical Models</subfield>
  </datafield>
  <datafield tag="260" ind1=" " ind2=" ">
    <subfield code="c">2013-12-16</subfield>
  </datafield>
  <datafield tag="520" ind1=" " ind2=" ">
    <subfield code="a">  Multivariate count data are defined as the number of items of different
categories issued from sampling within a population, which individuals are
grouped into categories. The analysis of multivariate count data is a recurrent
and crucial issue in numerous modelling problems, particularly in the fields of
biology and ecology (where the data can represent, for example, children counts
associated with multitype branching processes), sociology and econometrics. We
focus on I) Identifying categories that appear simultaneously, or on the
contrary that are mutually exclusive. This is achieved by identifying
conditional independence relationships between the variables; II)Building
parsimonious parametric models consistent with these relationships; III)
Characterising and testing the effects of covariates on the joint distribution
of the counts. To achieve these goals, we propose an approach based on
graphical probabilistic models, and more specifically partially directed
acyclic graphs.
</subfield>
  </datafield>
  <datafield tag="650" ind1="1" ind2="7">
    <subfield code="a">Statistics - Machine Learning</subfield>
  </datafield>
  <datafield tag="655" ind1="7" ind2=" ">
    <subfield code="a">text</subfield>
  </datafield>
  <datafield tag="700" ind1=" " ind2=" ">
    <subfield code="a">Durand, Jean-Baptiste</subfield>
  </datafield>
  <datafield tag="700" ind1=" " ind2=" ">
    <subfield code="a">Guédon, Yann</subfield>
  </datafield>
  <datafield tag="035" ind1=" " ind2=" ">
    <subfield code="a">oai:arXiv.org:1312.4479</subfield>
    <subfield code="u">http://export.arxiv.org/oai2</subfield>
    <subfield code="9">http://export.arxiv.org/oai2</subfield>
    <subfield code="d">2013-12-17</subfield>
    <subfield code="h">2013-12-17T11:15:01Z</subfield>
    <subfield code="m"></subfield>
    <subfield code="t">false</subfield>
  </datafield>
  <datafield tag="980" ind1=" " ind2=" ">
    <subfield code="a">PREPRINT</subfield>
  </datafield>
</record>