
<record>
  
  
  <datafield tag="100" ind1=" " ind2=" ">
    <subfield code="a">Al-Naymat, Ghazi</subfield>
  </datafield>
  <datafield tag="245" ind1=" " ind2=" ">
    <subfield code="a">GCG: Mining Maximal Complete Graph Patterns from Large Spatial Data</subfield>
  </datafield>
  <datafield tag="260" ind1=" " ind2=" ">
    <subfield code="c">2013-12-13</subfield>
  </datafield>
  <datafield tag="520" ind1=" " ind2=" ">
    <subfield code="a">  Recent research on pattern discovery has progressed from mining frequent
patterns and sequences to mining structured patterns, such as trees and graphs.
Graphs as general data structure can model complex relations among data with
wide applications in web exploration and social networks. However, the process
of mining large graph patterns is a challenge due to the existence of large
number of subgraphs. In this paper, we aim to mine only frequent complete graph
patterns. A graph g in a database is complete if every pair of distinct
vertices is connected by a unique edge. Grid Complete Graph (GCG) is a mining
algorithm developed to explore interesting pruning techniques to extract
maximal complete graphs from large spatial dataset existing in Sloan Digital
Sky Survey (SDSS) data. Using a divide and conquer strategy, GCG shows high
efficiency especially in the presence of large number of patterns. In this
paper, we describe GCG that can mine not only simple co-location spatial
patterns but also complex ones. To the best of our knowledge, this is the first
algorithm used to exploit the extraction of maximal complete graphs in the
process of mining complex co-location patterns in large spatial dataset.
</subfield>
  </datafield>
  <datafield tag="650" ind1="1" ind2="7">
    <subfield code="a">Computer Science - Databases</subfield>
  </datafield>
  <datafield tag="655" ind1="7" ind2=" ">
    <subfield code="a">text</subfield>
  </datafield>
  <datafield tag="035" ind1=" " ind2=" ">
    <subfield code="a">oai:arXiv.org:1312.4477</subfield>
    <subfield code="u">http://export.arxiv.org/oai2</subfield>
    <subfield code="9">http://export.arxiv.org/oai2</subfield>
    <subfield code="d">2013-12-17</subfield>
    <subfield code="h">2013-12-17T11:15:01Z</subfield>
    <subfield code="m"></subfield>
    <subfield code="t">false</subfield>
  </datafield>
  <datafield tag="980" ind1=" " ind2=" ">
    <subfield code="a">PREPRINT</subfield>
  </datafield>
</record>