
<record>
  
  
  <datafield tag="100" ind1=" " ind2=" ">
    <subfield code="a">Kaczmirek, Lars</subfield>
  </datafield>
  <datafield tag="245" ind1=" " ind2=" ">
    <subfield code="a">Social Media Monitoring of the Campaigns for the 2013 German Bundestag
  Elections on Facebook and Twitter</subfield>
  </datafield>
  <datafield tag="260" ind1=" " ind2=" ">
    <subfield code="c">2013-12-16</subfield>
  </datafield>
  <datafield tag="520" ind1=" " ind2=" ">
    <subfield code="a">  Due to the increase in social media communication in the context of
elections, researchers have been able to collect and analyze data from social
media platforms in a meaningful way. Our research focuses on social media
communication related to the 2013 election of the German parliament
[Bundestagswahl 2013]. We constructed several social media datasets using data
from Facebook and Twitter. First, we identified the most relevant candidates
(n=2,346) and checked whether they maintained social media accounts. On
Facebook we identified 1,408 Facebook walls containing approximately 469,000
posts. On Twitter we identified 1,009 candidates and 76 other agents, for
example, journalists. We estimated the number of relevant tweets to exceed
eight million for the period from July 27 to September 27 alone. The Twitter
data collection period started in early July 2013. The Facebook data was
collected in November 2013 for the period of January 2009 to October 2013. In
this document we summarize past research in the literature, discuss
possibilities for research with our data set, explain the data collection
procedures, and provide a description of the data and a discussion of issues
for archiving and dissemination of social media data.
</subfield>
  </datafield>
  <datafield tag="650" ind1="1" ind2="7">
    <subfield code="a">Computer Science - Social and Information Networks</subfield>
  </datafield>
  <datafield tag="655" ind1="7" ind2=" ">
    <subfield code="a">text</subfield>
  </datafield>
  <datafield tag="700" ind1=" " ind2=" ">
    <subfield code="a">Mayr, Philipp</subfield>
  </datafield>
  <datafield tag="700" ind1=" " ind2=" ">
    <subfield code="a">Vatrapu, Ravi</subfield>
  </datafield>
  <datafield tag="700" ind1=" " ind2=" ">
    <subfield code="a">Bleier, Arnim</subfield>
  </datafield>
  <datafield tag="700" ind1=" " ind2=" ">
    <subfield code="a">Blumenberg, Manuela</subfield>
  </datafield>
  <datafield tag="700" ind1=" " ind2=" ">
    <subfield code="a">Gummer, Tobias</subfield>
  </datafield>
  <datafield tag="700" ind1=" " ind2=" ">
    <subfield code="a">Hussain, Abid</subfield>
  </datafield>
  <datafield tag="700" ind1=" " ind2=" ">
    <subfield code="a">Kinder-Kurlanda, Katharina</subfield>
  </datafield>
  <datafield tag="700" ind1=" " ind2=" ">
    <subfield code="a">Manshaei, Kaveh</subfield>
  </datafield>
  <datafield tag="700" ind1=" " ind2=" ">
    <subfield code="a">Thamm, Mark</subfield>
  </datafield>
  <datafield tag="700" ind1=" " ind2=" ">
    <subfield code="a">Weller, Katrin</subfield>
  </datafield>
  <datafield tag="700" ind1=" " ind2=" ">
    <subfield code="a">Wenz, Alexander</subfield>
  </datafield>
  <datafield tag="700" ind1=" " ind2=" ">
    <subfield code="a">Wolf, Christof</subfield>
  </datafield>
  <datafield tag="035" ind1=" " ind2=" ">
    <subfield code="a">oai:arXiv.org:1312.4476</subfield>
    <subfield code="u">http://export.arxiv.org/oai2</subfield>
    <subfield code="9">http://export.arxiv.org/oai2</subfield>
    <subfield code="d">2013-12-17</subfield>
    <subfield code="h">2013-12-17T11:15:01Z</subfield>
    <subfield code="m"></subfield>
    <subfield code="t">false</subfield>
  </datafield>
  <datafield tag="980" ind1=" " ind2=" ">
    <subfield code="a">PREPRINT</subfield>
  </datafield>
</record>