
<record>
  
  
  <datafield tag="100" ind1=" " ind2=" ">
    <subfield code="a">Poulton, Andrew</subfield>
  </datafield>
  <datafield tag="245" ind1=" " ind2=" ">
    <subfield code="a">O-forms of projective characters in the stable category</subfield>
  </datafield>
  <datafield tag="260" ind1=" " ind2=" ">
    <subfield code="c">2013-12-16</subfield>
  </datafield>
  <datafield tag="520" ind1=" " ind2=" ">
    <subfield code="a">  Let $O$ be a complete d.v.r. and $G$ a finite group. We study the
$OG$-lattices $M$ such that $M$ affords the same character as some projective
lattice as objects in the stable lattice category. Such lattices can be
identified with Heller lattices of torsion $OG$-modules. We give a
characterisation of the stable endomorphism rings of Heller lattices of
$kG$-modules. We also show that the Heller lattices of $kG$-modules generate
the stable lattice category in a strong way. The main tool used is an
adjunction between the stable lattice category and the full stable category,
which is hopefully of independent interest.
</subfield>
  </datafield>
  <datafield tag="650" ind1="1" ind2="7">
    <subfield code="a">Mathematics - Representation Theory</subfield>
  </datafield>
  <datafield tag="655" ind1="7" ind2=" ">
    <subfield code="a">text</subfield>
  </datafield>
  <datafield tag="035" ind1=" " ind2=" ">
    <subfield code="a">oai:arXiv.org:1312.4475</subfield>
    <subfield code="u">http://export.arxiv.org/oai2</subfield>
    <subfield code="9">http://export.arxiv.org/oai2</subfield>
    <subfield code="d">2013-12-17</subfield>
    <subfield code="h">2013-12-17T11:15:01Z</subfield>
    <subfield code="m"></subfield>
    <subfield code="t">false</subfield>
  </datafield>
  <datafield tag="980" ind1=" " ind2=" ">
    <subfield code="a">PREPRINT</subfield>
  </datafield>
</record>