
<record>
  
  
  <datafield tag="100" ind1=" " ind2=" ">
    <subfield code="a">Lagarde, N.</subfield>
  </datafield>
  <datafield tag="245" ind1=" " ind2=" ">
    <subfield code="a">Dive into the heart of red giant stars to better understand our Galaxy</subfield>
  </datafield>
  <datafield tag="260" ind1=" " ind2=" ">
    <subfield code="c">2013-12-16</subfield>
  </datafield>
  <datafield tag="520" ind1=" " ind2=" ">
    <subfield code="a">  The availability of asteroseismic constrains for of large sample of stars
observed with CoRoT and Kepler paves the way for statistical studies of the
seismic properties of stellar populations, and becomes a powerful tool to
better understand stellar structure and evolution. Here I present predictions
of stellar models computed with the code STAREVOL including thermohaline mixing
together with rotational mixing. I compare the theoretical predictions for the
chemical properties of stars with recent spectroscopic of both field and
cluster stars observations, and discuss the effects of both mechanisms on
asteroseismic diagnostics, as well as on Galactic chemical evolution of
helium-3.
</subfield>
  </datafield>
  <datafield tag="650" ind1="1" ind2="7">
    <subfield code="a">Astrophysics - Solar and Stellar Astrophysics</subfield>
  </datafield>
  <datafield tag="655" ind1="7" ind2=" ">
    <subfield code="a">text</subfield>
  </datafield>
  <datafield tag="035" ind1=" " ind2=" ">
    <subfield code="a">oai:arXiv.org:1312.4474</subfield>
    <subfield code="u">http://export.arxiv.org/oai2</subfield>
    <subfield code="9">http://export.arxiv.org/oai2</subfield>
    <subfield code="d">2013-12-17</subfield>
    <subfield code="h">2013-12-17T11:15:01Z</subfield>
    <subfield code="m"></subfield>
    <subfield code="t">false</subfield>
  </datafield>
  <datafield tag="980" ind1=" " ind2=" ">
    <subfield code="a">PREPRINT</subfield>
  </datafield>
</record>