
<record>
  
  
  <datafield tag="100" ind1=" " ind2=" ">
    <subfield code="a">Krienke, H.</subfield>
  </datafield>
  <datafield tag="245" ind1=" " ind2=" ">
    <subfield code="a">On the influence of molecular structure on the conductivity of
  electrolyte solutions - sodium nitrate in water</subfield>
  </datafield>
  <datafield tag="260" ind1=" " ind2=" ">
    <subfield code="c">2013-12-16</subfield>
  </datafield>
  <datafield tag="520" ind1=" " ind2=" ">
    <subfield code="a">  Theoretical calculations of the conductivity of sodium nitrate in water are
presented and compared with experimental measurements. The method of direct
correlation force in the framework of the interionic theory is used for the
calculation of transport properties in connection with the associative mean
spherical approximation (AMSA). The effective interactions between ions in
solutions are derived with the help of Monte Carlo and Molecular Dynamics
calculations on the Born-Oppenheimer level. This work is based on earlier
theoretical and experimental studies of the structure of concentrated aqueous
sodium nitrate solutions.
</subfield>
  </datafield>
  <datafield tag="650" ind1="1" ind2="7">
    <subfield code="a">Condensed Matter - Soft Condensed Matter</subfield>
  </datafield>
  <datafield tag="655" ind1="7" ind2=" ">
    <subfield code="a">text</subfield>
  </datafield>
  <datafield tag="035" ind1=" " ind2=" ">
    <subfield code="a">oai:arXiv.org:1312.4473</subfield>
    <subfield code="u">http://export.arxiv.org/oai2</subfield>
    <subfield code="9">http://export.arxiv.org/oai2</subfield>
    <subfield code="d">2013-12-17</subfield>
    <subfield code="h">2013-12-17T11:15:01Z</subfield>
    <subfield code="m"></subfield>
    <subfield code="t">false</subfield>
  </datafield>
  <datafield tag="980" ind1=" " ind2=" ">
    <subfield code="a">PREPRINT</subfield>
  </datafield>
</record>