
<record>
  
  
  <datafield tag="100" ind1=" " ind2=" ">
    <subfield code="a">Dette, Holger</subfield>
  </datafield>
  <datafield tag="245" ind1=" " ind2=" ">
    <subfield code="a">Optimal designs for multi-response generalized linear models with
  applications in thermal spraying</subfield>
  </datafield>
  <datafield tag="260" ind1=" " ind2=" ">
    <subfield code="c">2013-12-16</subfield>
  </datafield>
  <datafield tag="520" ind1=" " ind2=" ">
    <subfield code="a">  We consider the problem of designing experiments for investigating particle
in-flight properties in thermal spraying. Observations are available on an
extensive design for an initial day and thereafter in limited number for any
particular day. Generalized linear models including additional day effects are
used for analyzing the process, where the models vary with respect to different
responses. We construct robust D-optimal designs to collect additional data on
any current day, which are efficient for the estimation of the parameters in
all models under consideration. These designs improve a reference fractional
factorial design substantially. We also investigate designs, which maximize the
power of the test for an additional day effect. The results are used to design
additional experiments of the thermal spraying process and a comparison of the
statistical analysis based on a reference design as well as on a selected
D-optimal design is performed.
</subfield>
  </datafield>
  <datafield tag="650" ind1="1" ind2="7">
    <subfield code="a">Statistics - Applications</subfield>
  </datafield>
  <datafield tag="655" ind1="7" ind2=" ">
    <subfield code="a">text</subfield>
  </datafield>
  <datafield tag="700" ind1=" " ind2=" ">
    <subfield code="a">Hoyden, Laura</subfield>
  </datafield>
  <datafield tag="700" ind1=" " ind2=" ">
    <subfield code="a">Kuhnt, Sonja</subfield>
  </datafield>
  <datafield tag="700" ind1=" " ind2=" ">
    <subfield code="a">Schorning, Kirsten</subfield>
  </datafield>
  <datafield tag="035" ind1=" " ind2=" ">
    <subfield code="a">oai:arXiv.org:1312.4472</subfield>
    <subfield code="u">http://export.arxiv.org/oai2</subfield>
    <subfield code="9">http://export.arxiv.org/oai2</subfield>
    <subfield code="d">2013-12-17</subfield>
    <subfield code="h">2013-12-17T11:15:01Z</subfield>
    <subfield code="m"></subfield>
    <subfield code="t">false</subfield>
  </datafield>
  <datafield tag="980" ind1=" " ind2=" ">
    <subfield code="a">PREPRINT</subfield>
  </datafield>
</record>