
<record>
  
  
  <datafield tag="100" ind1=" " ind2=" ">
    <subfield code="a">Yan, Yangqian</subfield>
  </datafield>
  <datafield tag="245" ind1=" " ind2=" ">
    <subfield code="a">Abnormal Superfluid Fraction of Harmonically Trapped Few-Fermion Systems</subfield>
  </datafield>
  <datafield tag="260" ind1=" " ind2=" ">
    <subfield code="c">2013-12-16</subfield>
  </datafield>
  <datafield tag="520" ind1=" " ind2=" ">
    <subfield code="a">  Superfluidity is a fascinating phenomenon that, at the macroscopic scale,
leads to dissipationless flow and the emergence of vortices. While these
macroscopic manifestations of superfluidity are well described by theories that
have their origin in Landau's two-fluid model, our microscopic understanding of
superfluidity is far from complete. Using analytical and numerical \textit{ab
initio} approaches, this paper determines the superfluid fraction and local
superfluid density of small harmonically trapped two-component Fermi gases as a
function of the interaction strength and temperature. At low temperature, we
find that the superfluid fraction is, in certain regions of the parameter
space, negative. This counterintuitive finding is traced back to the symmetry
of the system's ground state wave function, which gives rise to a diverging
quantum moment of inertia $I_{\text{q}}$. Analogous abnormal behavior of
$I_{\text{q}}$ has been observed in even-odd nuclei at low temperature. Our
predictions can be tested in modern cold atom experiments.
</subfield>
  </datafield>
  <datafield tag="650" ind1="1" ind2="7">
    <subfield code="a">Condensed Matter - Quantum Gases</subfield>
  </datafield>
  <datafield tag="655" ind1="7" ind2=" ">
    <subfield code="a">text</subfield>
  </datafield>
  <datafield tag="700" ind1=" " ind2=" ">
    <subfield code="a">Blume, D.</subfield>
  </datafield>
  <datafield tag="035" ind1=" " ind2=" ">
    <subfield code="a">oai:arXiv.org:1312.4470</subfield>
    <subfield code="u">http://export.arxiv.org/oai2</subfield>
    <subfield code="9">http://export.arxiv.org/oai2</subfield>
    <subfield code="d">2013-12-17</subfield>
    <subfield code="h">2013-12-17T11:15:01Z</subfield>
    <subfield code="m"></subfield>
    <subfield code="t">false</subfield>
  </datafield>
  <datafield tag="980" ind1=" " ind2=" ">
    <subfield code="a">PREPRINT</subfield>
  </datafield>
</record>