
<record>
  
  
  <datafield tag="100" ind1=" " ind2=" ">
    <subfield code="a">Salazar-Serrano, Luis Jose</subfield>
  </datafield>
  <datafield tag="245" ind1=" " ind2=" ">
    <subfield code="a">Measurement of sub-pulse-width temporal delays via spectral interference
  induced by weak value amplification</subfield>
  </datafield>
  <datafield tag="260" ind1=" " ind2=" ">
    <subfield code="c">2013-12-16</subfield>
  </datafield>
  <datafield tag="520" ind1=" " ind2=" ">
    <subfield code="a">  We demonstrate experimentally a scheme to measure small temporal delays, much
smaller than the pulse width, between optical pulses. Specifically, we observe
an interference effect, based on the concepts of quantum weak measurements and
weak value amplification, through which a sub-pulsewidth temporal delay between
two femtosecond pulses induces a measurable shift of the central frequency of
the pulse. The amount of frequency shift, and the accompanying losses of the
measurement, can be tailored by post-selecting different states of
polarization. Our scheme requires only spectrum measurements and linear optics
elements, hence greatly facilitating its implementation. Thus it appears as a
promising technique for measuring small and rapidly varying temporal delays.
</subfield>
  </datafield>
  <datafield tag="650" ind1="1" ind2="7">
    <subfield code="a">Quantum Physics</subfield>
  </datafield>
  <datafield tag="655" ind1="7" ind2=" ">
    <subfield code="a">text</subfield>
  </datafield>
  <datafield tag="700" ind1=" " ind2=" ">
    <subfield code="a">Janner, Davide</subfield>
  </datafield>
  <datafield tag="700" ind1=" " ind2=" ">
    <subfield code="a">Brunner, Nicolas</subfield>
  </datafield>
  <datafield tag="700" ind1=" " ind2=" ">
    <subfield code="a">Pruneri, Valerio</subfield>
  </datafield>
  <datafield tag="700" ind1=" " ind2=" ">
    <subfield code="a">Torres, Juan P.</subfield>
  </datafield>
  <datafield tag="035" ind1=" " ind2=" ">
    <subfield code="a">oai:arXiv.org:1312.4469</subfield>
    <subfield code="u">http://export.arxiv.org/oai2</subfield>
    <subfield code="9">http://export.arxiv.org/oai2</subfield>
    <subfield code="d">2013-12-17</subfield>
    <subfield code="h">2013-12-17T11:15:01Z</subfield>
    <subfield code="m"></subfield>
    <subfield code="t">false</subfield>
  </datafield>
  <datafield tag="980" ind1=" " ind2=" ">
    <subfield code="a">PREPRINT</subfield>
  </datafield>
</record>