
<record>
  
  
  <datafield tag="100" ind1=" " ind2=" ">
    <subfield code="a">Alsan, Mine</subfield>
  </datafield>
  <datafield tag="245" ind1=" " ind2=" ">
    <subfield code="a">Extremality for Gallager's Reliability Function $E_0$</subfield>
  </datafield>
  <datafield tag="260" ind1=" " ind2=" ">
    <subfield code="c">2013-12-16</subfield>
  </datafield>
  <datafield tag="520" ind1=" " ind2=" ">
    <subfield code="a">  We describe certain extremalities for Gallager's $E_0$ function evaluated
under the uniform input distribution for binary input discrete memoryless
channels. The results characterize the extremality of the $E_0(\rho)$ curves of
the binary erasure channel and the binary symmetric channel among all the
$E_0(\rho)$ curves that can be generated by the class of binary discrete
memoryless channels whose $E_0(\rho)$ curves pass through a given point
$(\rho_0, e_0)$, for some $\rho_0 > -1$.
</subfield>
  </datafield>
  <datafield tag="650" ind1="1" ind2="7">
    <subfield code="a">Computer Science - Information Theory</subfield>
  </datafield>
  <datafield tag="655" ind1="7" ind2=" ">
    <subfield code="a">text</subfield>
  </datafield>
  <datafield tag="035" ind1=" " ind2=" ">
    <subfield code="a">oai:arXiv.org:1312.4468</subfield>
    <subfield code="u">http://export.arxiv.org/oai2</subfield>
    <subfield code="9">http://export.arxiv.org/oai2</subfield>
    <subfield code="d">2013-12-17</subfield>
    <subfield code="h">2013-12-17T11:15:01Z</subfield>
    <subfield code="m"></subfield>
    <subfield code="t">false</subfield>
  </datafield>
  <datafield tag="980" ind1=" " ind2=" ">
    <subfield code="a">PREPRINT</subfield>
  </datafield>
</record>