
<record>
  
  
  <datafield tag="100" ind1=" " ind2=" ">
    <subfield code="a">Petschauer, Stefan</subfield>
  </datafield>
  <datafield tag="245" ind1=" " ind2=" ">
    <subfield code="a">Hyperon-nucleon interaction and baryonic contact terms in SU(3) chiral
  effective field theory</subfield>
  </datafield>
  <datafield tag="260" ind1=" " ind2=" ">
    <subfield code="c">2013-12-16</subfield>
  </datafield>
  <datafield tag="520" ind1=" " ind2=" ">
    <subfield code="a">  In this proceeding we summarize results for baryonic contact terms derived
within SU(3) chiral effective field theory. The four-baryon contact terms,
necessary for the description of the hyperon-nucleon interaction, include SU(3)
symmetric and explicit chiral symmetry breaking terms. They also include
four-baryon contact terms involving pseudoscalar mesons, which become important
for three-body forces. Furthermore we derive the leading order six-baryon
contact terms in the non-relativistic limit and study their contribution to the
$\Lambda NN$ three-body contact interaction. These results could play an
important role in studies of hypernuclei or hyperons in nuclear matter.
</subfield>
  </datafield>
  <datafield tag="650" ind1="1" ind2="7">
    <subfield code="a">Nuclear Theory</subfield>
  </datafield>
  <datafield tag="655" ind1="7" ind2=" ">
    <subfield code="a">text</subfield>
  </datafield>
  <datafield tag="035" ind1=" " ind2=" ">
    <subfield code="a">oai:arXiv.org:1312.4467</subfield>
    <subfield code="u">http://export.arxiv.org/oai2</subfield>
    <subfield code="9">http://export.arxiv.org/oai2</subfield>
    <subfield code="d">2013-12-17</subfield>
    <subfield code="h">2013-12-17T11:15:01Z</subfield>
    <subfield code="m"></subfield>
    <subfield code="t">false</subfield>
  </datafield>
  <datafield tag="980" ind1=" " ind2=" ">
    <subfield code="a">PREPRINT</subfield>
  </datafield>
</record>