
<record>
  
  
  <datafield tag="100" ind1=" " ind2=" ">
    <subfield code="a">Homes, C. C.</subfield>
  </datafield>
  <datafield tag="245" ind1=" " ind2=" ">
    <subfield code="a">Optical conductivity of nodal metals</subfield>
  </datafield>
  <datafield tag="260" ind1=" " ind2=" ">
    <subfield code="c">2013-12-16</subfield>
  </datafield>
  <datafield tag="520" ind1=" " ind2=" ">
    <subfield code="a">  Fermi liquid theory is remarkably successful in describing the transport and
optical properties of metals; at frequencies higher than the scattering rate,
the optical conductivity adopts the well-known power law behavior
$\sigma_1(\omega) \propto \omega^{-2}$. We have observed an unusual non-Fermi
liquid response $\sigma_1(\omega) \propto \omega^{-1\pm 0.2}$ in the ground
states of several cuprate and iron-based materials which undergo electronic or
magnetic phase transitions resulting in dramatically reduced or nodal Fermi
surfaces. The identification of an inverse (or fractional) power-law behavior
in the residual optical conductivity now permits the removal of this
contribution, revealing the direct transitions across the gap and allowing the
nature of the electron-boson coupling to be probed. The non-Fermi liquid
behavior in these systems may be the result of a common Fermi surface topology
of Dirac cone-like features in the electronic dispersion.
</subfield>
  </datafield>
  <datafield tag="650" ind1="1" ind2="7">
    <subfield code="a">Condensed Matter - Superconductivity</subfield>
  </datafield>
  <datafield tag="655" ind1="7" ind2=" ">
    <subfield code="a">text</subfield>
  </datafield>
  <datafield tag="700" ind1=" " ind2=" ">
    <subfield code="a">Tu, J. J.</subfield>
  </datafield>
  <datafield tag="700" ind1=" " ind2=" ">
    <subfield code="a">Li, J.</subfield>
  </datafield>
  <datafield tag="700" ind1=" " ind2=" ">
    <subfield code="a">Gu, G. D.</subfield>
  </datafield>
  <datafield tag="700" ind1=" " ind2=" ">
    <subfield code="a">Akrap, A.</subfield>
  </datafield>
  <datafield tag="035" ind1=" " ind2=" ">
    <subfield code="a">oai:arXiv.org:1312.4466</subfield>
    <subfield code="u">http://export.arxiv.org/oai2</subfield>
    <subfield code="9">http://export.arxiv.org/oai2</subfield>
    <subfield code="d">2013-12-17</subfield>
    <subfield code="h">2013-12-17T11:15:01Z</subfield>
    <subfield code="m"></subfield>
    <subfield code="t">false</subfield>
  </datafield>
  <datafield tag="980" ind1=" " ind2=" ">
    <subfield code="a">PREPRINT</subfield>
  </datafield>
</record>