
<record>
  
  
  <datafield tag="100" ind1=" " ind2=" ">
    <subfield code="a">Grenié, Loïc</subfield>
  </datafield>
  <datafield tag="245" ind1=" " ind2=" ">
    <subfield code="a">Explicit versions of smoothed prime ideals theorems for number fields
  under GRH and applications</subfield>
  </datafield>
  <datafield tag="260" ind1=" " ind2=" ">
    <subfield code="c">2013-12-16</subfield>
  </datafield>
  <datafield tag="520" ind1=" " ind2=" ">
    <subfield code="a">  Let $\psi_{\K}$ be the Chebyshev function of a number field $\K$. Let
$\psi^{(1)}_\K(x)\!:=\!\int_{0}^{x}\psi_\K(t)\d t$ and
$\psi^{(2)}_\K(x):=2\int_{0}^{x}\psi^{(1)}_\K(t)\d t$. We prove under GRH new
explicit inequalities for the differences $|\psi^{(1)}_\K(x) - \tfrac{x^2}{2}|$
and $|\psi^{(2)}_\K(x) - \tfrac{x^3}{3}|$. We deduce an efficient algorithm for
the computation of the residue of the Dedekind zeta function and a bound for
the $\kappa+1$ least degree-1 prime ideals.
</subfield>
  </datafield>
  <datafield tag="650" ind1="1" ind2="7">
    <subfield code="a">Mathematics - Number Theory</subfield>
  </datafield>
  <datafield tag="655" ind1="7" ind2=" ">
    <subfield code="a">text</subfield>
  </datafield>
  <datafield tag="700" ind1=" " ind2=" ">
    <subfield code="a">Molteni, Giuseppe</subfield>
  </datafield>
  <datafield tag="035" ind1=" " ind2=" ">
    <subfield code="a">oai:arXiv.org:1312.4465</subfield>
    <subfield code="u">http://export.arxiv.org/oai2</subfield>
    <subfield code="9">http://export.arxiv.org/oai2</subfield>
    <subfield code="d">2013-12-17</subfield>
    <subfield code="h">2013-12-17T11:15:01Z</subfield>
    <subfield code="m"></subfield>
    <subfield code="t">false</subfield>
  </datafield>
  <datafield tag="980" ind1=" " ind2=" ">
    <subfield code="a">PREPRINT</subfield>
  </datafield>
</record>