
<record>
  
  
  <datafield tag="100" ind1=" " ind2=" ">
    <subfield code="a">Biswas, Asoka</subfield>
  </datafield>
  <datafield tag="245" ind1=" " ind2=" ">
    <subfield code="a">Inseparability criteria based on bipartitions of $N$-spin systems</subfield>
  </datafield>
  <datafield tag="260" ind1=" " ind2=" ">
    <subfield code="c">2013-12-16</subfield>
  </datafield>
  <datafield tag="520" ind1=" " ind2=" ">
    <subfield code="a">  We present a new set of inseparabilty inequalities to detect entanglement in
$N$-spin states. These are based on negative partial transposition and involve
collective spin-spin correlations of any two partitions of the entire system.
They also reveal the rich texture of partial separability for different
partition and can discriminate between GHZ-type and W-type entanglement, as
well. We introduce a new concept of relative entanglement of two different
systems and two different partitions in a spin-ensemble. These criteria can be
applicable to non-symmetric states and states with odd or even $N$.
</subfield>
  </datafield>
  <datafield tag="650" ind1="1" ind2="7">
    <subfield code="a">Quantum Physics</subfield>
  </datafield>
  <datafield tag="655" ind1="7" ind2=" ">
    <subfield code="a">text</subfield>
  </datafield>
  <datafield tag="035" ind1=" " ind2=" ">
    <subfield code="a">oai:arXiv.org:1312.4462</subfield>
    <subfield code="u">http://export.arxiv.org/oai2</subfield>
    <subfield code="9">http://export.arxiv.org/oai2</subfield>
    <subfield code="d">2013-12-17</subfield>
    <subfield code="h">2013-12-17T11:15:01Z</subfield>
    <subfield code="m"></subfield>
    <subfield code="t">false</subfield>
  </datafield>
  <datafield tag="980" ind1=" " ind2=" ">
    <subfield code="a">PREPRINT</subfield>
  </datafield>
</record>