
<record>
  
  
  <datafield tag="100" ind1=" " ind2=" ">
    <subfield code="a">Davis, Andrew</subfield>
  </datafield>
  <datafield tag="245" ind1=" " ind2=" ">
    <subfield code="a">Low-Rank Approximations for Conditional Feedforward Computation</subfield>
  </datafield>
  <datafield tag="260" ind1=" " ind2=" ">
    <subfield code="c">2013-12-16</subfield>
  </datafield>
  <datafield tag="520" ind1=" " ind2=" ">
    <subfield code="a">  Scalability properties of deep neural networks raise key research questions,
particularly as the problems considered become larger and more challenging.
This paper expands on the idea of conditional computation introduced by Bengio,
et. al., where the nodes of a deep network are augmented by a set of gating
units that determine when a node should be calculated. By factorizing the
weight matrix into a low-rank approximation, an estimation of the sign of the
pre-nonlinearity activation can be efficiently obtained. For networks using
rectified-linear hidden units, this implies that the computation of a hidden
unit with an estimated negative pre-nonlinearity can be ommitted altogether, as
its value will become zero when nonlinearity is applied. For sparse neural
networks, this can result in considerable speed gains. Experimental results
using the MNIST and SVHN data sets with a fully-connected deep neural network
demonstrate the performance robustness of the proposed scheme with respect to
the error introduced by the conditional computation process.
</subfield>
  </datafield>
  <datafield tag="650" ind1="1" ind2="7">
    <subfield code="a">Computer Science - Learning</subfield>
  </datafield>
  <datafield tag="655" ind1="7" ind2=" ">
    <subfield code="a">text</subfield>
  </datafield>
  <datafield tag="700" ind1=" " ind2=" ">
    <subfield code="a">Arel, Itamar</subfield>
  </datafield>
  <datafield tag="035" ind1=" " ind2=" ">
    <subfield code="a">oai:arXiv.org:1312.4461</subfield>
    <subfield code="u">http://export.arxiv.org/oai2</subfield>
    <subfield code="9">http://export.arxiv.org/oai2</subfield>
    <subfield code="d">2013-12-17</subfield>
    <subfield code="h">2013-12-17T11:15:01Z</subfield>
    <subfield code="m"></subfield>
    <subfield code="t">false</subfield>
  </datafield>
  <datafield tag="980" ind1=" " ind2=" ">
    <subfield code="a">PREPRINT</subfield>
  </datafield>
</record>