
<record>
  
  
  <datafield tag="100" ind1=" " ind2=" ">
    <subfield code="a">Del Debbio, Luigi</subfield>
  </datafield>
  <datafield tag="245" ind1=" " ind2=" ">
    <subfield code="a">MCgrid: projecting cross section calculations on grids</subfield>
  </datafield>
  <datafield tag="260" ind1=" " ind2=" ">
    <subfield code="c">2013-12-16</subfield>
  </datafield>
  <datafield tag="520" ind1=" " ind2=" ">
    <subfield code="a">  MCgrid is a software package that provides access to the APPLgrid
interpolation tool for Monte Carlo event generator codes, allowing for fast and
flexible variations of scales, coupling parameters and PDFs in cutting edge
leading and next-to-leading-order QCD calculations. This is achieved by
providing additional tools to the Rivet analysis system for the construction of
MCgrid enhanced Rivet analyses. The interface is based around a one-to-one
correspondence between a Rivet histogram class and a wrapper for an APPLgrid
interpolation grid. The Rivet system provides all of the analysis tools
required to project a Monte Carlo weight upon an observable bin, and the MCgrid
package provides the correct conversion of the event weight to an APPLgrid
?fill call. MCgrid has been tested and designed for use with the SHERPA event
generator, however as with Rivet the package is suitable for use with any code
which can produce events in the HepMC event record format.
</subfield>
  </datafield>
  <datafield tag="650" ind1="1" ind2="7">
    <subfield code="a">High Energy Physics - Phenomenology</subfield>
  </datafield>
  <datafield tag="655" ind1="7" ind2=" ">
    <subfield code="a">text</subfield>
  </datafield>
  <datafield tag="700" ind1=" " ind2=" ">
    <subfield code="a">Hartland, Nathan P.</subfield>
  </datafield>
  <datafield tag="700" ind1=" " ind2=" ">
    <subfield code="a">Schumann, Steffen</subfield>
  </datafield>
  <datafield tag="035" ind1=" " ind2=" ">
    <subfield code="a">oai:arXiv.org:1312.4460</subfield>
    <subfield code="u">http://export.arxiv.org/oai2</subfield>
    <subfield code="9">http://export.arxiv.org/oai2</subfield>
    <subfield code="d">2013-12-17</subfield>
    <subfield code="h">2013-12-17T11:15:01Z</subfield>
    <subfield code="m"></subfield>
    <subfield code="t">false</subfield>
  </datafield>
  <datafield tag="980" ind1=" " ind2=" ">
    <subfield code="a">PREPRINT</subfield>
  </datafield>
</record>