
<record>
  
  
  <datafield tag="100" ind1=" " ind2=" ">
    <subfield code="a">Dwornik, M.</subfield>
  </datafield>
  <datafield tag="245" ind1=" " ind2=" ">
    <subfield code="a">Weak and strong field approximations and circular orbits of
  Kehagias-Sfetsos space-time</subfield>
  </datafield>
  <datafield tag="260" ind1=" " ind2=" ">
    <subfield code="c">2013-12-16</subfield>
  </datafield>
  <datafield tag="520" ind1=" " ind2=" ">
    <subfield code="a">  The Kehagias-Sfetsos asymptotically flat black hole and naked singularity
solutions of Ho\v{r}ava-Lifshitz gravity are investigated both in the
weak-field and strong-field regimes. In the weak-field limit the gravitational
field generated by the Kehagias-Sfetsos spherically symmetric solution is
weaker then in the case of the Schwarzschild black hole of general relativity.
In the strong-field regime naked singularities with $\omega_{0} \ll 1 $ display
an unusual distance dependence: gravity becomes weaker when approaching the
singularity. The stability of circular orbits is also analyzed. While in the
black hole case the square of the angular momentum should be larger than a
certain finite, non-zero minimal value, in the naked singularity case there are
stable circular orbits for any non-zero value of the angular momentum. In this
regime we prove the existence of an infimum of the allowed radii of circular
orbits (corresponding to vanishing angular momentum).
</subfield>
  </datafield>
  <datafield tag="650" ind1="1" ind2="7">
    <subfield code="a">General Relativity and Quantum Cosmology</subfield>
  </datafield>
  <datafield tag="655" ind1="7" ind2=" ">
    <subfield code="a">text</subfield>
  </datafield>
  <datafield tag="700" ind1=" " ind2=" ">
    <subfield code="a">Horváth, Zs.</subfield>
  </datafield>
  <datafield tag="700" ind1=" " ind2=" ">
    <subfield code="a">Gergely, L. Á.</subfield>
  </datafield>
  <datafield tag="035" ind1=" " ind2=" ">
    <subfield code="a">oai:arXiv.org:1312.4457</subfield>
    <subfield code="u">http://export.arxiv.org/oai2</subfield>
    <subfield code="9">http://export.arxiv.org/oai2</subfield>
    <subfield code="d">2013-12-17</subfield>
    <subfield code="h">2013-12-17T11:15:01Z</subfield>
    <subfield code="m"></subfield>
    <subfield code="t">false</subfield>
  </datafield>
  <datafield tag="980" ind1=" " ind2=" ">
    <subfield code="a">PREPRINT</subfield>
  </datafield>
</record>