
<record>
  
  
  <datafield tag="100" ind1=" " ind2=" ">
    <subfield code="a">Lloyd, Seth</subfield>
  </datafield>
  <datafield tag="245" ind1=" " ind2=" ">
    <subfield code="a">The universe as quantum computer</subfield>
  </datafield>
  <datafield tag="260" ind1=" " ind2=" ">
    <subfield code="c">2013-12-16</subfield>
  </datafield>
  <datafield tag="520" ind1=" " ind2=" ">
    <subfield code="a">  This article reviews the history of digital computation, and investigates
just how far the concept of computation can be taken. In particular, I address
the question of whether the universe itself is in fact a giant computer, and if
so, just what kind of computer it is. I will show that the universe can be
regarded as a giant quantum computer. The quantum computational model of the
universe explains a variety of observed phenomena not encompassed by the
ordinary laws of physics. In particular, the model shows that the the quantum
computational universe automatically gives rise to a mix of randomness and
order, and to both simple and complex systems.
</subfield>
  </datafield>
  <datafield tag="650" ind1="1" ind2="7">
    <subfield code="a">Quantum Physics</subfield>
  </datafield>
  <datafield tag="655" ind1="7" ind2=" ">
    <subfield code="a">text</subfield>
  </datafield>
  <datafield tag="035" ind1=" " ind2=" ">
    <subfield code="a">oai:arXiv.org:1312.4455</subfield>
    <subfield code="u">http://export.arxiv.org/oai2</subfield>
    <subfield code="9">http://export.arxiv.org/oai2</subfield>
    <subfield code="d">2013-12-17</subfield>
    <subfield code="h">2013-12-17T11:15:01Z</subfield>
    <subfield code="m"></subfield>
    <subfield code="t">false</subfield>
  </datafield>
  <datafield tag="980" ind1=" " ind2=" ">
    <subfield code="a">PREPRINT</subfield>
  </datafield>
</record>