
<record>
  
  
  <datafield tag="100" ind1=" " ind2=" ">
    <subfield code="a">Gurtug, O.</subfield>
  </datafield>
  <datafield tag="245" ind1=" " ind2=" ">
    <subfield code="a">Quantum probes of timelike naked singularities in the weak field regime
  of $f(R)$ global monopole spacetime</subfield>
  </datafield>
  <datafield tag="260" ind1=" " ind2=" ">
    <subfield code="c">2013-12-16</subfield>
  </datafield>
  <datafield tag="520" ind1=" " ind2=" ">
    <subfield code="a">  The formation of a naked singularity in $f(R)$ global monopole spacetime is
considered in view of quantum mechanics. Quantum test fields obeying the
Klein$-$Gordon, Dirac and Maxwell equations are used to probe the classical
timelike naked singularity developed at $r=0$. We prove that the spatial
derivative operator of the fields fails to be essentially self-adjoint. As a
result, the classical timelike naked singularity formed in $f(R)$ global
monopole spacetime remains quantum mechanically singular when it is probed with
quantum fields having different spin structures. Pitelli and Letelier (Phys.
Rev. D 80, 104035, 2009) had shown that for quantum scalar ($spin$ $0$% )
probes the general relativistic global monopole singularity remains intact. For
specific modes electromagnetic ($spin$ $1$) and Dirac field ($% spin$ $1/2$)
probes, however, we show that the global monopole spacetime behaves quantum
mechanically regular. The admissibility of this singularity is also
incorporated within the Gubser's singularity conjecture.
</subfield>
  </datafield>
  <datafield tag="650" ind1="1" ind2="7">
    <subfield code="a">High Energy Physics - Theory</subfield>
  </datafield>
  <datafield tag="655" ind1="7" ind2=" ">
    <subfield code="a">text</subfield>
  </datafield>
  <datafield tag="700" ind1=" " ind2=" ">
    <subfield code="a">Halilsoy, M.</subfield>
  </datafield>
  <datafield tag="700" ind1=" " ind2=" ">
    <subfield code="a">Mazharimousavi, S. Habib</subfield>
  </datafield>
  <datafield tag="035" ind1=" " ind2=" ">
    <subfield code="a">oai:arXiv.org:1312.4453</subfield>
    <subfield code="u">http://export.arxiv.org/oai2</subfield>
    <subfield code="9">http://export.arxiv.org/oai2</subfield>
    <subfield code="d">2013-12-17</subfield>
    <subfield code="h">2013-12-17T11:15:01Z</subfield>
    <subfield code="m"></subfield>
    <subfield code="t">false</subfield>
  </datafield>
  <datafield tag="980" ind1=" " ind2=" ">
    <subfield code="a">PREPRINT</subfield>
  </datafield>
</record>