
<record>
  
  
  <datafield tag="100" ind1=" " ind2=" ">
    <subfield code="a">Elvis, Martin</subfield>
  </datafield>
  <datafield tag="245" ind1=" " ind2=" ">
    <subfield code="a">How Many Assay Probes to Find One Ore-bearing Asteroid?</subfield>
  </datafield>
  <datafield tag="260" ind1=" " ind2=" ">
    <subfield code="c">2013-12-16</subfield>
  </datafield>
  <datafield tag="520" ind1=" " ind2=" ">
    <subfield code="a">  The number of ore-bearing asteroids could well be small and remote telescopic
techniques are inadequate to identify such asteroids confidently. Finding an
asteroid that can be profitably mined requires proximate observations from
assay probes. Here we use a simple statistical approach to estimate the number
of assay probes, Nassay, needed to find at least one ore-bearing asteroid at a
high confidence (90%, 95%, 99%). We present results for a wide range of values
of the probability of an asteroid being rich in the resource of interest,
Prich. We find that Nassay depends strongly on Prich, for likely values of
Prich (&lt;0.5). For a plausible value of Prich~0.1 then to obtain 90% confidence
that at least one ore-bearing asteroid is found, Nassay = 22, and for 99%
confidence Nassay = 44. A factor two increase in Prich roughly halves Nassay,
while even for Prich~0.5, Nassay (90%) = 4. Hence any improvement in asteroid
characterization prior to sending probes to its proximity would be an effective
way to cost-effectively search for valuable resources among the asteroids. Some
possibilities for doing so are briefly discussed.
</subfield>
  </datafield>
  <datafield tag="650" ind1="1" ind2="7">
    <subfield code="a">Astrophysics - Earth and Planetary Astrophysics</subfield>
  </datafield>
  <datafield tag="655" ind1="7" ind2=" ">
    <subfield code="a">text</subfield>
  </datafield>
  <datafield tag="700" ind1=" " ind2=" ">
    <subfield code="a">Esty, Thomas</subfield>
  </datafield>
  <datafield tag="035" ind1=" " ind2=" ">
    <subfield code="a">oai:arXiv.org:1312.4452</subfield>
    <subfield code="u">http://export.arxiv.org/oai2</subfield>
    <subfield code="9">http://export.arxiv.org/oai2</subfield>
    <subfield code="d">2013-12-17</subfield>
    <subfield code="h">2013-12-17T11:15:01Z</subfield>
    <subfield code="m"></subfield>
    <subfield code="t">false</subfield>
  </datafield>
  <datafield tag="980" ind1=" " ind2=" ">
    <subfield code="a">PREPRINT</subfield>
  </datafield>
</record>