
<record>
  
  
  <datafield tag="100" ind1=" " ind2=" ">
    <subfield code="a">Martínez-Aldama, Mary Loli</subfield>
  </datafield>
  <datafield tag="245" ind1=" " ind2=" ">
    <subfield code="a">Low ionization lines in high luminosity quasars: The calcium triplet</subfield>
  </datafield>
  <datafield tag="260" ind1=" " ind2=" ">
    <subfield code="c">2013-12-16</subfield>
  </datafield>
  <datafield tag="520" ind1=" " ind2=" ">
    <subfield code="a">  In order to investigate where and how low ionization lines are emitted in
quasars we are studying a new collection of spectra of the CaII triplet at
$\lambda$8498, $\lambda$8542, $\lambda$8662 observed with the Very Large
Telescope (VLT) using the Infrared Spectrometer And Array Camera (ISAAC). Our
sample involves luminous quasars at intermediate redshift for which CaII
observations are almost nonexistent. We fit the CaII triplet and the OI
$\lambda$8446 line using the H$\beta$ profile as a model. We derive constraints
on the line emitting region from the relative strength of the CaII triplet, OI
$\lambda$8446 and H$\beta$.
</subfield>
  </datafield>
  <datafield tag="650" ind1="1" ind2="7">
    <subfield code="a">Astrophysics - Cosmology and Extragalactic Astrophysics</subfield>
  </datafield>
  <datafield tag="655" ind1="7" ind2=" ">
    <subfield code="a">text</subfield>
  </datafield>
  <datafield tag="700" ind1=" " ind2=" ">
    <subfield code="a">Dultzin, Deborah</subfield>
  </datafield>
  <datafield tag="700" ind1=" " ind2=" ">
    <subfield code="a">Marziani, Paola</subfield>
  </datafield>
  <datafield tag="700" ind1=" " ind2=" ">
    <subfield code="a">Sulentic, Jack W.</subfield>
  </datafield>
  <datafield tag="700" ind1=" " ind2=" ">
    <subfield code="a">Chen, Yang</subfield>
  </datafield>
  <datafield tag="700" ind1=" " ind2=" ">
    <subfield code="a">Bressan, Alessandro</subfield>
  </datafield>
  <datafield tag="700" ind1=" " ind2=" ">
    <subfield code="a">Stirpe, Giovanna M.</subfield>
  </datafield>
  <datafield tag="035" ind1=" " ind2=" ">
    <subfield code="a">oai:arXiv.org:1312.4451</subfield>
    <subfield code="u">http://export.arxiv.org/oai2</subfield>
    <subfield code="9">http://export.arxiv.org/oai2</subfield>
    <subfield code="d">2013-12-17</subfield>
    <subfield code="h">2013-12-17T11:15:01Z</subfield>
    <subfield code="m"></subfield>
    <subfield code="t">false</subfield>
  </datafield>
  <datafield tag="980" ind1=" " ind2=" ">
    <subfield code="a">PREPRINT</subfield>
  </datafield>
</record>