
<record>
  
  
  <datafield tag="100" ind1=" " ind2=" ">
    <subfield code="a">Mühle, Henri</subfield>
  </datafield>
  <datafield tag="245" ind1=" " ind2=" ">
    <subfield code="a">Structural Properties of the Cambrian Semilattices -- Consequences of
  Semidistributivity</subfield>
  </datafield>
  <datafield tag="260" ind1=" " ind2=" ">
    <subfield code="c">2013-12-16</subfield>
  </datafield>
  <datafield tag="520" ind1=" " ind2=" ">
    <subfield code="a">  The $\gamma$-Cambrian semilattices $\mathcal{C}_{\gamma}$ defined by Reading
and Speyer are a family of meet-semilattices associated with a Coxeter group
$W$ and a Coxeter element $\gamma\in W$, and they are lattices if and only if
$W$ is finite. In the case where $W$ is the symmetric group $\mathfrak{S}_{n}$
and $\gamma$ is the long cycle $(1\;2\;\ldots\;n)$ the corresponding
$\gamma$-Cambrian lattice is isomorphic to the well-known Tamari lattice
$\mathcal{T}_{n}$. Recently, Kallipoliti and the author have investigated
$\mathcal{C}_{\gamma}$ from a topological viewpoint, and showed that many
properties of the Tamari lattices generalize nicely. In the present article,
this investigation is continued on a more structural level, using the
observation of Reading and Speyer that $\mathcal{C}_{\gamma}$ is
semidistributive. First we prove that every closed interval of
$\mathcal{C}_{\gamma}$ is a bounded-homomorphic image of a free lattice (in
fact it is a so-called $\mathcal{H\!H}$-lattice). Subsequently, we prove that
it is trim and slender, and we characterize the closed intervals of
$\mathcal{C}_{\gamma}$ which are dismantlable, and determine their breadth.
</subfield>
  </datafield>
  <datafield tag="650" ind1="1" ind2="7">
    <subfield code="a">Mathematics - Combinatorics</subfield>
  </datafield>
  <datafield tag="655" ind1="7" ind2=" ">
    <subfield code="a">text</subfield>
  </datafield>
  <datafield tag="035" ind1=" " ind2=" ">
    <subfield code="a">oai:arXiv.org:1312.4449</subfield>
    <subfield code="u">http://export.arxiv.org/oai2</subfield>
    <subfield code="9">http://export.arxiv.org/oai2</subfield>
    <subfield code="d">2013-12-17</subfield>
    <subfield code="h">2013-12-17T11:15:01Z</subfield>
    <subfield code="m"></subfield>
    <subfield code="t">false</subfield>
  </datafield>
  <datafield tag="980" ind1=" " ind2=" ">
    <subfield code="a">PREPRINT</subfield>
  </datafield>
</record>