
<record>
  
  
  <datafield tag="100" ind1=" " ind2=" ">
    <subfield code="a">Renaux-Petel, Sebastien</subfield>
  </datafield>
  <datafield tag="245" ind1=" " ind2=" ">
    <subfield code="a">Spectral distortions in the cosmic microwave background polarization</subfield>
  </datafield>
  <datafield tag="260" ind1=" " ind2=" ">
    <subfield code="c">2013-12-16</subfield>
  </datafield>
  <datafield tag="520" ind1=" " ind2=" ">
    <subfield code="a">  We compute the spectral distortions of the Cosmic Microwave Background (CMB)
polarization induced by non-linear effects in the Compton interactions between
CMB photons and cold intergalactic electrons. This signal is of the $y$-type
and is dominated by contributions arising from the reionized era. We stress
that it is not shadowed by the thermal SZ effect which has no equivalent for
polarization. We decompose its angular dependence into $E$- and $B$-modes, and
we calculate the corresponding power spectra, both exactly and using a suitable
Limber approximation that allows a simpler numerical evaluation. We find that
$B$-modes are of the same order of magnitude as $E$-modes. Both spectra are
relatively flat, peaking around $\ell=280$, and their overall amplitude is
directly related to the optical depth to reionization. Moreover, we find this
effect to be one order of magnitude larger than the non-linear kinetic
Sunyaev-Zel'dovich effect in galaxy clusters. Finally, we calculate the
cross-correlation of our signal with the (larger) $y$-type intensity
distortion, and find that it is of the same order of magnitude as the
auto-correlation of polarization distortion.
</subfield>
  </datafield>
  <datafield tag="650" ind1="1" ind2="7">
    <subfield code="a">Astrophysics - Cosmology and Extragalactic Astrophysics</subfield>
  </datafield>
  <datafield tag="655" ind1="7" ind2=" ">
    <subfield code="a">text</subfield>
  </datafield>
  <datafield tag="700" ind1=" " ind2=" ">
    <subfield code="a">Fidler, Christian</subfield>
  </datafield>
  <datafield tag="700" ind1=" " ind2=" ">
    <subfield code="a">Pitrou, Cyril</subfield>
  </datafield>
  <datafield tag="700" ind1=" " ind2=" ">
    <subfield code="a">Pettinari, Guido W.</subfield>
  </datafield>
  <datafield tag="035" ind1=" " ind2=" ">
    <subfield code="a">oai:arXiv.org:1312.4448</subfield>
    <subfield code="u">http://export.arxiv.org/oai2</subfield>
    <subfield code="9">http://export.arxiv.org/oai2</subfield>
    <subfield code="d">2013-12-17</subfield>
    <subfield code="h">2013-12-17T11:15:01Z</subfield>
    <subfield code="m"></subfield>
    <subfield code="t">false</subfield>
  </datafield>
  <datafield tag="980" ind1=" " ind2=" ">
    <subfield code="a">PREPRINT</subfield>
  </datafield>
</record>