
<record>
  
  
  <datafield tag="100" ind1=" " ind2=" ">
    <subfield code="a">Deppisch, Frank F.</subfield>
  </datafield>
  <datafield tag="245" ind1=" " ind2=" ">
    <subfield code="a">Falsifying Leptogenesis at the LHC</subfield>
  </datafield>
  <datafield tag="260" ind1=" " ind2=" ">
    <subfield code="c">2013-12-16</subfield>
  </datafield>
  <datafield tag="520" ind1=" " ind2=" ">
    <subfield code="a">  We investigate the impact of observing lepton number violating (LNV)
processes at the LHC on the viability of thermal leptogenesis scenarios.
Measuring a non-zero value for the cross section of any LNV process would put a
strong lower limit on the washout factor for the effective lepton number
density in the early universe at times close to the electroweak phase
transition and thus would lead to important constraints on any high-scale model
for the generation of the observed baryon asymmetry based on LNV. In
particular, for leptogenesis models with masses of the right-handed neutrinos
heavier than the mass scale observed at the LHC, the implied large washout
factors would lead to a violation of the out-of-equilibrium condition and
exponentially suppress the net lepton number produced in such leptogenesis
models.
</subfield>
  </datafield>
  <datafield tag="650" ind1="1" ind2="7">
    <subfield code="a">High Energy Physics - Phenomenology</subfield>
  </datafield>
  <datafield tag="655" ind1="7" ind2=" ">
    <subfield code="a">text</subfield>
  </datafield>
  <datafield tag="700" ind1=" " ind2=" ">
    <subfield code="a">Harz, Julia</subfield>
  </datafield>
  <datafield tag="700" ind1=" " ind2=" ">
    <subfield code="a">Hirsch, Martin</subfield>
  </datafield>
  <datafield tag="035" ind1=" " ind2=" ">
    <subfield code="a">oai:arXiv.org:1312.4447</subfield>
    <subfield code="u">http://export.arxiv.org/oai2</subfield>
    <subfield code="9">http://export.arxiv.org/oai2</subfield>
    <subfield code="d">2013-12-17</subfield>
    <subfield code="h">2013-12-17T11:15:01Z</subfield>
    <subfield code="m"></subfield>
    <subfield code="t">false</subfield>
  </datafield>
  <datafield tag="980" ind1=" " ind2=" ">
    <subfield code="a">PREPRINT</subfield>
  </datafield>
</record>