
<record>
  
  
  <datafield tag="100" ind1=" " ind2=" ">
    <subfield code="a">Gheissari, Reza</subfield>
  </datafield>
  <datafield tag="245" ind1=" " ind2=" ">
    <subfield code="a">Conformal Invariance of Spin Pattern Probabilities in the Planar Ising
  Model</subfield>
  </datafield>
  <datafield tag="260" ind1=" " ind2=" ">
    <subfield code="c">2013-12-16</subfield>
  </datafield>
  <datafield tag="520" ind1=" " ind2=" ">
    <subfield code="a">  We study the 2-dimensional Ising model at critical temperature on a smooth
simply-connected graph. We rigorously prove the conformal invariance of
arbitrary spin-pattern probabilities centered at a point a and derive formulas
to compute the probabilities as functions of the conformal map from our domain
to the unit disk. Our methods extend those of [Hon10] and [CHI13] which proved
conformal invariance of energy densities and spin correlations for points fixed
far apart from each other. We use discrete complex analysis techniques and
construct a discrete multipoint fermionic observable that takes values related
to pattern probabilities in the planar Ising model. Refined analysis of the
convergence of the discrete observable to a continuous, conformally covariant
function completes the result.
</subfield>
  </datafield>
  <datafield tag="650" ind1="1" ind2="7">
    <subfield code="a">Mathematical Physics</subfield>
  </datafield>
  <datafield tag="655" ind1="7" ind2=" ">
    <subfield code="a">text</subfield>
  </datafield>
  <datafield tag="700" ind1=" " ind2=" ">
    <subfield code="a">Hongler, Clément</subfield>
  </datafield>
  <datafield tag="700" ind1=" " ind2=" ">
    <subfield code="a">Park, Sungchul</subfield>
  </datafield>
  <datafield tag="035" ind1=" " ind2=" ">
    <subfield code="a">oai:arXiv.org:1312.4446</subfield>
    <subfield code="u">http://export.arxiv.org/oai2</subfield>
    <subfield code="9">http://export.arxiv.org/oai2</subfield>
    <subfield code="d">2013-12-17</subfield>
    <subfield code="h">2013-12-17T11:15:01Z</subfield>
    <subfield code="m"></subfield>
    <subfield code="t">false</subfield>
  </datafield>
  <datafield tag="980" ind1=" " ind2=" ">
    <subfield code="a">PREPRINT</subfield>
  </datafield>
</record>