
<record>
  
  
  <datafield tag="100" ind1=" " ind2=" ">
    <subfield code="a">Bergeron, Paul</subfield>
  </datafield>
  <datafield tag="245" ind1=" " ind2=" ">
    <subfield code="a">IceCube, DeepCore, PINGU and the indirect search for supersymmetric dark
  matter</subfield>
  </datafield>
  <datafield tag="260" ind1=" " ind2=" ">
    <subfield code="c">2013-12-16</subfield>
  </datafield>
  <datafield tag="520" ind1=" " ind2=" ">
    <subfield code="a">  The discovery of a particle that could be the lightest CP-even Higgs of the
minimal supersymmetric extension of the Standard Model (MSSM) and the lack of
evidence so far for supersymmetry at the LHC have many profound implications,
including for the phenomenology of supersymmetric dark matter. In this study,
we re-evaluate and give an update on the prospects for detecting supersymmetric
neutralinos with neutrino telescopes, focussing in particular on the
IceCube/DeepCore Telescope as well as on its proposed extension, PINGU.
Searches for high-energy neutrinos from the Sun with IceCube probe MSSM
neutralino dark matter models with the correct Higgs mass in a significant way.
This is especially the case for neutralino dark matter models producing hard
neutrino spectra, across a wide range of masses, while PINGU is anticipated to
improve the detector sensitivity especially for models in the low neutralino
mass range.
</subfield>
  </datafield>
  <datafield tag="650" ind1="1" ind2="7">
    <subfield code="a">High Energy Physics - Phenomenology</subfield>
  </datafield>
  <datafield tag="655" ind1="7" ind2=" ">
    <subfield code="a">text</subfield>
  </datafield>
  <datafield tag="700" ind1=" " ind2=" ">
    <subfield code="a">Profumo, Stefano</subfield>
  </datafield>
  <datafield tag="035" ind1=" " ind2=" ">
    <subfield code="a">oai:arXiv.org:1312.4445</subfield>
    <subfield code="u">http://export.arxiv.org/oai2</subfield>
    <subfield code="9">http://export.arxiv.org/oai2</subfield>
    <subfield code="d">2013-12-17</subfield>
    <subfield code="h">2013-12-17T11:15:01Z</subfield>
    <subfield code="m"></subfield>
    <subfield code="t">false</subfield>
  </datafield>
  <datafield tag="980" ind1=" " ind2=" ">
    <subfield code="a">PREPRINT</subfield>
  </datafield>
</record>