
<record>
  
  
  <datafield tag="100" ind1=" " ind2=" ">
    <subfield code="a">Banerji, Sourangsu</subfield>
  </datafield>
  <datafield tag="245" ind1=" " ind2=" ">
    <subfield code="a">Study of Propagating Modes and Reflectivity in Bragg Filters with
  AlxGa1-xN/GaN Material Composition</subfield>
  </datafield>
  <datafield tag="260" ind1=" " ind2=" ">
    <subfield code="c">2013-12-16</subfield>
  </datafield>
  <datafield tag="520" ind1=" " ind2=" ">
    <subfield code="a">  In this paper, forward and backward propagating waves and reflectivity in an
optical waveguide structure namely the fiber Bragg reflector also considered as
a one dimensional photonic crystal, are analytically computed using coupled
mode theory for different grating lengths and coupling conditions.
AlxGa1-xN/GaN material composition is considered as unit block of the periodic
organization, and refractive index of AlxGa1-xN is taken to be dependent on
material composition, bandgap and operating wavelength following Adachis'
model. The structure being considered is the Bragg grating where increase in
grating length enhances the reflection of electromagnetic wave, and strong
coupling provides larger bandgap spectral width. Input wavelength is made
different from Bragg wavelength to study the characteristics of propagating
waves. A suitable combination of grating length and coupling coefficient is
helpful in designing the photonic bandgap at 1550 nm wavelength. These
characteristic curves can be utilized to study how waves propagate through the
optical waveguides which have a special place in optical communications
</subfield>
  </datafield>
  <datafield tag="650" ind1="1" ind2="7">
    <subfield code="a">Computer Science - Systems and Control</subfield>
  </datafield>
  <datafield tag="655" ind1="7" ind2=" ">
    <subfield code="a">text</subfield>
  </datafield>
  <datafield tag="035" ind1=" " ind2=" ">
    <subfield code="a">oai:arXiv.org:1312.4442</subfield>
    <subfield code="u">http://export.arxiv.org/oai2</subfield>
    <subfield code="9">http://export.arxiv.org/oai2</subfield>
    <subfield code="d">2013-12-17</subfield>
    <subfield code="h">2013-12-17T11:15:01Z</subfield>
    <subfield code="m"></subfield>
    <subfield code="t">false</subfield>
  </datafield>
  <datafield tag="980" ind1=" " ind2=" ">
    <subfield code="a">PREPRINT</subfield>
  </datafield>
</record>