
<record>
  
  
  <datafield tag="100" ind1=" " ind2=" ">
    <subfield code="a">Meynet, Georges</subfield>
  </datafield>
  <datafield tag="245" ind1=" " ind2=" ">
    <subfield code="a">Nuclear and gravitational energies in stars</subfield>
  </datafield>
  <datafield tag="260" ind1=" " ind2=" ">
    <subfield code="c">2013-12-16</subfield>
  </datafield>
  <datafield tag="520" ind1=" " ind2=" ">
    <subfield code="a">  The force that governs the evolution of stars is gravity. Indeed this force
drives star formation, imposes thermal and density gradients into stars at
hydrostatic equilibrium and finally plays the key role in the last phases of
their evolution. Nuclear power in stars governs their lifetimes and of course
the stellar nucleosynthesis. The nuclear reactions are at the heart of the
changes of composition of the baryonic matter in the Universe. This change of
composition, in its turn, has profound consequences on the evolution of stars
and galaxies.
  The energy extracted from the gravitational, respectively nuclear reservoirs
during the lifetimes of stars of different masses are estimated. It is shown
that low and intermediate mass stars (M &lt; 8 Msol) extract roughly 90 times more
energy from their nuclear reservoir than from their gravitational one, while
massive stars (M > 8 Msol), which explode in a supernova explosion, extract
more than 5 times more energy from the gravitational reservoir than from the
nuclear one. We conclude by discussing a few important nuclear reactions and
their link to topical astrophysical questions.
</subfield>
  </datafield>
  <datafield tag="650" ind1="1" ind2="7">
    <subfield code="a">Astrophysics - Solar and Stellar Astrophysics</subfield>
  </datafield>
  <datafield tag="655" ind1="7" ind2=" ">
    <subfield code="a">text</subfield>
  </datafield>
  <datafield tag="700" ind1=" " ind2=" ">
    <subfield code="a">Courvoisier, Thierry</subfield>
  </datafield>
  <datafield tag="700" ind1=" " ind2=" ">
    <subfield code="a">Ekström, Sylvia</subfield>
  </datafield>
  <datafield tag="035" ind1=" " ind2=" ">
    <subfield code="a">oai:arXiv.org:1312.4441</subfield>
    <subfield code="u">http://export.arxiv.org/oai2</subfield>
    <subfield code="9">http://export.arxiv.org/oai2</subfield>
    <subfield code="d">2013-12-17</subfield>
    <subfield code="h">2013-12-17T11:15:01Z</subfield>
    <subfield code="m"></subfield>
    <subfield code="t">false</subfield>
  </datafield>
  <datafield tag="980" ind1=" " ind2=" ">
    <subfield code="a">PREPRINT</subfield>
  </datafield>
</record>