
<record>
  
  
  <datafield tag="100" ind1=" " ind2=" ">
    <subfield code="a">Ogryzko, Vasily</subfield>
  </datafield>
  <datafield tag="245" ind1=" " ind2=" ">
    <subfield code="a">Comment on Masanari Asano et al. A model of epigenetic evolution based
  on theory of open quantum systems. Syst Synth Biol, 2013</subfield>
  </datafield>
  <datafield tag="260" ind1=" " ind2=" ">
    <subfield code="c">2013-12-16</subfield>
  </datafield>
  <datafield tag="520" ind1=" " ind2=" ">
    <subfield code="a">  The comment mostly concerns mis-representation of my position on Quantum
Biology, by stating that I am 'reducing cell's behavior to quantum particles
inside the cell'. I contrast my position with that of McFadden-Al-Khalili, as
well as with the position of Asano et al. I also advertise an idea, described
in our latest paper (Bordonaro, Ogryzko. Quantum Biology at the Cellular level
- elements of the research program, BioSystems, 2013), for the need of
synthetic biology in testing some predictions that follow from our approach.
</subfield>
  </datafield>
  <datafield tag="650" ind1="1" ind2="7">
    <subfield code="a">Quantitative Biology - Cell Behavior</subfield>
  </datafield>
  <datafield tag="655" ind1="7" ind2=" ">
    <subfield code="a">text</subfield>
  </datafield>
  <datafield tag="035" ind1=" " ind2=" ">
    <subfield code="a">oai:arXiv.org:1312.4440</subfield>
    <subfield code="u">http://export.arxiv.org/oai2</subfield>
    <subfield code="9">http://export.arxiv.org/oai2</subfield>
    <subfield code="d">2013-12-17</subfield>
    <subfield code="h">2013-12-17T11:15:01Z</subfield>
    <subfield code="m"></subfield>
    <subfield code="t">false</subfield>
  </datafield>
  <datafield tag="980" ind1=" " ind2=" ">
    <subfield code="a">PREPRINT</subfield>
  </datafield>
</record>