
<record>
  
  
  <datafield tag="100" ind1=" " ind2=" ">
    <subfield code="a">Barash, Yu. S.</subfield>
  </datafield>
  <datafield tag="245" ind1=" " ind2=" ">
    <subfield code="a">The magnetic penetration depth and vortex structure in anharmonic
  superconducting junctions with an interfacial pair breaking</subfield>
  </datafield>
  <datafield tag="260" ind1=" " ind2=" ">
    <subfield code="c">2013-12-16</subfield>
  </datafield>
  <datafield tag="520" ind1=" " ind2=" ">
    <subfield code="a">  The penetration depth l_j in superconducting junctions is identified within
the Ginzburg-Landau theory as a function of the interfacial pair breaking, of
the magnetic field and of the Josephson coupling strength. When the interfacial
pair breaking goes up, l_j increases and an applicability of the local
Josephson electrodynamics to junctions with a strong Josephson coupling is
extended. In the junctions with strongly anharmonic current-phase relations,
the magnetic field dependence of l_j is shown to lead to a significant
difference between the weak-field penetration depth and the characteristic size
of the Josephson vortex. For such junctions a nonmonotonic dependence of l_j
and of the lower critical field on the Josephson coupling constant is found,
and the specific features of spatial profiles of the supercurrent and the
magnetic field in the Josephson vortex are established.
</subfield>
  </datafield>
  <datafield tag="650" ind1="1" ind2="7">
    <subfield code="a">Condensed Matter - Superconductivity</subfield>
  </datafield>
  <datafield tag="655" ind1="7" ind2=" ">
    <subfield code="a">text</subfield>
  </datafield>
  <datafield tag="035" ind1=" " ind2=" ">
    <subfield code="a">oai:arXiv.org:1312.4439</subfield>
    <subfield code="u">http://export.arxiv.org/oai2</subfield>
    <subfield code="9">http://export.arxiv.org/oai2</subfield>
    <subfield code="d">2013-12-17</subfield>
    <subfield code="h">2013-12-17T11:15:01Z</subfield>
    <subfield code="m"></subfield>
    <subfield code="t">false</subfield>
  </datafield>
  <datafield tag="980" ind1=" " ind2=" ">
    <subfield code="a">PREPRINT</subfield>
  </datafield>
</record>