
<record>
  
  
  <datafield tag="100" ind1=" " ind2=" ">
    <subfield code="a">Derrien, Thibault J. -Y.</subfield>
  </datafield>
  <datafield tag="245" ind1=" " ind2=" ">
    <subfield code="a">Rippled area formed by surface plasmon polaritons upon femtosecond laser
  double-pulse irradiation of silicon: the role of carrier generation and
  relaxation processes</subfield>
  </datafield>
  <datafield tag="260" ind1=" " ind2=" ">
    <subfield code="c">2013-12-16</subfield>
  </datafield>
  <datafield tag="520" ind1=" " ind2=" ">
    <subfield code="a">  The formation of laser-induced periodic surface structures (LIPSS, ripples)
upon irradiation of silicon with multiple irradiation sequences consisting of
femtosecond laser pulse pairs (pulse duration 150 fs, central wavelength 800
nm) is studied numerically using a rate equation system along with a
two-temperature model accounting for one- and two-photon absorption and
subsequent carrier diffusion and Auger recombination processes. The temporal
delay between the individual equal-energy fs-laser pulses was varied between
$0$ and $\sim 4$ ps for quantification of the transient carrier densities in
the conduction band of the laser-excited silicon. The results of the numerical
analysis reveal the importance of carrier generation and relaxation processes
in fs-LIPSS formation on silicon and quantitatively explain the two time
constants of the delay dependent decrease of the Low-Spatial-Frequency LIPSS
(LSFL) area observed experimentally. The role of carrier generation, diffusion
and recombination are quantified individually.
</subfield>
  </datafield>
  <datafield tag="650" ind1="1" ind2="7">
    <subfield code="a">Condensed Matter - Materials Science</subfield>
  </datafield>
  <datafield tag="655" ind1="7" ind2=" ">
    <subfield code="a">text</subfield>
  </datafield>
  <datafield tag="700" ind1=" " ind2=" ">
    <subfield code="a">Krüger, Jörg</subfield>
  </datafield>
  <datafield tag="700" ind1=" " ind2=" ">
    <subfield code="a">Itina, Tatiana E.</subfield>
  </datafield>
  <datafield tag="700" ind1=" " ind2=" ">
    <subfield code="a">Höhm, Sandra</subfield>
  </datafield>
  <datafield tag="700" ind1=" " ind2=" ">
    <subfield code="a">Rosenfeld, Arkadi</subfield>
  </datafield>
  <datafield tag="700" ind1=" " ind2=" ">
    <subfield code="a">Bonse, Jörn</subfield>
  </datafield>
  <datafield tag="035" ind1=" " ind2=" ">
    <subfield code="a">oai:arXiv.org:1312.4437</subfield>
    <subfield code="u">http://export.arxiv.org/oai2</subfield>
    <subfield code="9">http://export.arxiv.org/oai2</subfield>
    <subfield code="d">2013-12-17</subfield>
    <subfield code="h">2013-12-17T11:15:01Z</subfield>
    <subfield code="m"></subfield>
    <subfield code="t">false</subfield>
  </datafield>
  <datafield tag="980" ind1=" " ind2=" ">
    <subfield code="a">PREPRINT</subfield>
  </datafield>
</record>