
<record>
  
  
  <datafield tag="100" ind1=" " ind2=" ">
    <subfield code="a">Qiu, Haibo</subfield>
  </datafield>
  <datafield tag="245" ind1=" " ind2=" ">
    <subfield code="a">Measure synchronization in quantum many-body systems</subfield>
  </datafield>
  <datafield tag="260" ind1=" " ind2=" ">
    <subfield code="c">2013-12-16</subfield>
  </datafield>
  <datafield tag="520" ind1=" " ind2=" ">
    <subfield code="a">  The concept of measure synchronization between two coupled quantum many-body
systems is presented. In general terms we consider two quantum many-body
systems whose dynamics gets coupled through the contact particle-particle
interaction. This coupling is shown to produce measure synchronization, a
generalization of synchrony to a large class of systems which takes place in
absence of dissipation. We find that in quantum measure synchronization, the
many-body quantum properties for the two subsystems, e.g. condensed fractions
and particle fluctuations, behave in a coordinated way. To illustrate the
concept we consider a simple case of two species of bosons occupying two
distinct quantum states. Measure synchronization can be readily explored with
state-of-the-art techniques in ultracold atomic gases and, if propertly
controlled, be employed to share quantum correlations between different degrees
of freedom.
</subfield>
  </datafield>
  <datafield tag="650" ind1="1" ind2="7">
    <subfield code="a">Condensed Matter - Quantum Gases</subfield>
  </datafield>
  <datafield tag="655" ind1="7" ind2=" ">
    <subfield code="a">text</subfield>
  </datafield>
  <datafield tag="700" ind1=" " ind2=" ">
    <subfield code="a">Julia-Diaz, Bruno</subfield>
  </datafield>
  <datafield tag="700" ind1=" " ind2=" ">
    <subfield code="a">Garcia-March, Miguel Angel</subfield>
  </datafield>
  <datafield tag="700" ind1=" " ind2=" ">
    <subfield code="a">Polls, Artur</subfield>
  </datafield>
  <datafield tag="035" ind1=" " ind2=" ">
    <subfield code="a">oai:arXiv.org:1312.4436</subfield>
    <subfield code="u">http://export.arxiv.org/oai2</subfield>
    <subfield code="9">http://export.arxiv.org/oai2</subfield>
    <subfield code="d">2013-12-17</subfield>
    <subfield code="h">2013-12-17T11:15:01Z</subfield>
    <subfield code="m"></subfield>
    <subfield code="t">false</subfield>
  </datafield>
  <datafield tag="980" ind1=" " ind2=" ">
    <subfield code="a">PREPRINT</subfield>
  </datafield>
</record>