
<record>
  
  
  <datafield tag="100" ind1=" " ind2=" ">
    <subfield code="a">Longcope, D. W.</subfield>
  </datafield>
  <datafield tag="245" ind1=" " ind2=" ">
    <subfield code="a">Breakout and Tether-cutting Eruption Models Are Both Catastrophic
  (Sometimes)</subfield>
  </datafield>
  <datafield tag="260" ind1=" " ind2=" ">
    <subfield code="c">2013-12-16</subfield>
  </datafield>
  <datafield tag="520" ind1=" " ind2=" ">
    <subfield code="a">  We present a simplified analytic model of a quadrupolar magnetic field and
flux rope to model coronal mass ejections. The model magnetic field is
two-dimensional, force-free and has current only on the axis of the flux rope
and within two currents sheets. It is a generalization of previous models
containing a single current sheet anchored to a bipolar flux distribution. Our
new model can undergo quasi-static evolution due either to changes at the
boundary or to magnetic reconnection at either current sheet. We find that all
three kinds of evolution can lead to a catastrophe known as loss of
equilibrium. Some equilibria can be driven to catastrophic instability either
through reconnection at the lower current sheet, known as tether cutting, or
through reconnection at the upper current sheet, known as breakout. Other
equilibria can be destabilized through only one and not the other. Still others
undergo no instability, but evolve increasingly rapidly in response to slow
steady driving (ideal or reconnective). One key feature of every case is a
response to reconnection different from that found in simpler systems. In our
two-current sheet model a reconnection electric field in one current sheet
causes the current in that sheet to {\em increase} rather than decrease. This
suggests the possibility for the microscopic reconnection mechanism to run
away.
</subfield>
  </datafield>
  <datafield tag="650" ind1="1" ind2="7">
    <subfield code="a">Astrophysics - Solar and Stellar Astrophysics</subfield>
  </datafield>
  <datafield tag="655" ind1="7" ind2=" ">
    <subfield code="a">text</subfield>
  </datafield>
  <datafield tag="700" ind1=" " ind2=" ">
    <subfield code="a">Forbes, T. G.</subfield>
  </datafield>
  <datafield tag="035" ind1=" " ind2=" ">
    <subfield code="a">oai:arXiv.org:1312.4435</subfield>
    <subfield code="u">http://export.arxiv.org/oai2</subfield>
    <subfield code="9">http://export.arxiv.org/oai2</subfield>
    <subfield code="d">2013-12-17</subfield>
    <subfield code="h">2013-12-17T11:15:01Z</subfield>
    <subfield code="m"></subfield>
    <subfield code="t">false</subfield>
  </datafield>
  <datafield tag="980" ind1=" " ind2=" ">
    <subfield code="a">PREPRINT</subfield>
  </datafield>
</record>