
<record>
  
  
  <datafield tag="100" ind1=" " ind2=" ">
    <subfield code="a">Yin, Yi</subfield>
  </datafield>
  <datafield tag="245" ind1=" " ind2=" ">
    <subfield code="a">Electrical conductivity of the quark-gluon plasma and soft photon
  spectrum in heavy-ion collisions</subfield>
  </datafield>
  <datafield tag="260" ind1=" " ind2=" ">
    <subfield code="c">2013-12-16</subfield>
  </datafield>
  <datafield tag="520" ind1=" " ind2=" ">
    <subfield code="a">  We extract the electrical conductivity $\sigma_0$ of the quark gluon
plasma(QGP) and study the effects of magnetic field and chiral anomaly on soft
photon azimuthal anisotropy, $v_2$, based on the thermal photon spectrum at
$0.4~GeV&lt;p_{\perp}&lt;0.6~GeV$ at RHIC energy. As a basis for our analysis, we
derive the behavior of retarded photon self energy of a strongly interacting
neutral plasma in hydrodynamic regime in the presence of magnetic field and
chiral anomaly. By evolving the resulting soft thermal photon production rate
over the realistic hydrodynamic background and comparing the results with the
preliminary data from the PHENIX Collaboration, we found that the electrical
conductivity at QGP temperature is in the range: $0.5&lt;\sigma_0/(e^{2}T) &lt;1.1$,
which is comparable with recent studies on lattice. We also compare the
contribution from the magnetic field and chiral anomaly to soft thermal photon
$v_{2}$ with the data. We argue that at LHC, the chiral magnetic wave would
give negative contribution to photon $v_2$.
</subfield>
  </datafield>
  <datafield tag="650" ind1="1" ind2="7">
    <subfield code="a">Nuclear Theory</subfield>
  </datafield>
  <datafield tag="655" ind1="7" ind2=" ">
    <subfield code="a">text</subfield>
  </datafield>
  <datafield tag="035" ind1=" " ind2=" ">
    <subfield code="a">oai:arXiv.org:1312.4434</subfield>
    <subfield code="u">http://export.arxiv.org/oai2</subfield>
    <subfield code="9">http://export.arxiv.org/oai2</subfield>
    <subfield code="d">2013-12-17</subfield>
    <subfield code="h">2013-12-17T11:15:01Z</subfield>
    <subfield code="m"></subfield>
    <subfield code="t">false</subfield>
  </datafield>
  <datafield tag="980" ind1=" " ind2=" ">
    <subfield code="a">PREPRINT</subfield>
  </datafield>
</record>