
<record>
  
  
  <datafield tag="100" ind1=" " ind2=" ">
    <subfield code="a">Gallagher III, J. S.</subfield>
  </datafield>
  <datafield tag="245" ind1=" " ind2=" ">
    <subfield code="a">Lessons from Comparisons between the Nuclear Region of the Milky Way &amp;
  Those in Nearby Spirals</subfield>
  </datafield>
  <datafield tag="260" ind1=" " ind2=" ">
    <subfield code="c">2013-12-16</subfield>
  </datafield>
  <datafield tag="520" ind1=" " ind2=" ">
    <subfield code="a">  The Milky Way appears is a typical barred spiral, and comparisons can be made
between its nuclear region and those of structurally similar nearby spirals.
Maffei 2, M83, IC 342 and NGC 253 are nearby systems whose nuclear region
properties contrast with those of the Milky Way. Stellar masses derived from
NIR photometery, molecular gas masses and star formation rates allow us to
assess the evolutionary states of this set of nuclear regions. These data
suggest similarities between nuclear regions in terms of their stellar content
while highlighting significant differences in current star formation rates. In
particular current star formation rates appear to cover a larger range than
expected based on the molecular gas masses. This behavior is consistent with
nuclear region star formation experiencing episodic variations. Under this
hypothesis the Milky Way's nuclear region currently may be in a low star
formation rate phase.
</subfield>
  </datafield>
  <datafield tag="650" ind1="1" ind2="7">
    <subfield code="a">Astrophysics - Galaxy Astrophysics</subfield>
  </datafield>
  <datafield tag="655" ind1="7" ind2=" ">
    <subfield code="a">text</subfield>
  </datafield>
  <datafield tag="700" ind1=" " ind2=" ">
    <subfield code="a">Yoast-Hull, Tova M.</subfield>
  </datafield>
  <datafield tag="700" ind1=" " ind2=" ">
    <subfield code="a">Zweibel, Ellen G.</subfield>
  </datafield>
  <datafield tag="035" ind1=" " ind2=" ">
    <subfield code="a">oai:arXiv.org:1312.4433</subfield>
    <subfield code="u">http://export.arxiv.org/oai2</subfield>
    <subfield code="9">http://export.arxiv.org/oai2</subfield>
    <subfield code="d">2013-12-17</subfield>
    <subfield code="h">2013-12-17T11:15:01Z</subfield>
    <subfield code="m"></subfield>
    <subfield code="t">false</subfield>
  </datafield>
  <datafield tag="980" ind1=" " ind2=" ">
    <subfield code="a">PREPRINT</subfield>
  </datafield>
</record>