
<record>
  
  
  <datafield tag="100" ind1=" " ind2=" ">
    <subfield code="a">Berridge, A. M.</subfield>
  </datafield>
  <datafield tag="245" ind1=" " ind2=" ">
    <subfield code="a">Non-equilibrium conductivity at quantum critical points</subfield>
  </datafield>
  <datafield tag="260" ind1=" " ind2=" ">
    <subfield code="c">2013-12-16</subfield>
  </datafield>
  <datafield tag="520" ind1=" " ind2=" ">
    <subfield code="a">  Quantum criticality provides an important route to revealing universal
non-equilibrium behaviour. A canonical example of a quantum critical point is
the Bose-Hubbard model, which we study under the application of an electric
field. A Boltzmann transport formalism and $\epsilon$-expansion are used to
obtain the non-equilibrium conductivity and current noise. This approach allows
us to explicitly identify how a universal non-equilibrium steady state is
maintained, by identifying the rate-limiting step in balancing Joule heating
and dissipation to a heat bath. It also reveals that the non-equilibrium
distribution function is very far from a thermal distribution.
</subfield>
  </datafield>
  <datafield tag="650" ind1="1" ind2="7">
    <subfield code="a">Condensed Matter - Strongly Correlated Electrons</subfield>
  </datafield>
  <datafield tag="655" ind1="7" ind2=" ">
    <subfield code="a">text</subfield>
  </datafield>
  <datafield tag="700" ind1=" " ind2=" ">
    <subfield code="a">Green, A. G.</subfield>
  </datafield>
  <datafield tag="035" ind1=" " ind2=" ">
    <subfield code="a">oai:arXiv.org:1312.4432</subfield>
    <subfield code="u">http://export.arxiv.org/oai2</subfield>
    <subfield code="9">http://export.arxiv.org/oai2</subfield>
    <subfield code="d">2013-12-17</subfield>
    <subfield code="h">2013-12-17T11:15:01Z</subfield>
    <subfield code="m"></subfield>
    <subfield code="t">false</subfield>
  </datafield>
  <datafield tag="980" ind1=" " ind2=" ">
    <subfield code="a">PREPRINT</subfield>
  </datafield>
</record>