
<record>
  
  
  <datafield tag="100" ind1=" " ind2=" ">
    <subfield code="a">Lupo, Cosmo</subfield>
  </datafield>
  <datafield tag="245" ind1=" " ind2=" ">
    <subfield code="a">Maximally strong entropic uncertainty relations and gauge invariance</subfield>
  </datafield>
  <datafield tag="260" ind1=" " ind2=" ">
    <subfield code="c">2013-12-16</subfield>
  </datafield>
  <datafield tag="520" ind1=" " ind2=" ">
    <subfield code="a">  Uncertainty relations are among the unique fingerprints of quantum physics,
being direct expression of non-commutativity and complementarity. Entropic
uncertainty relations arise in quantum information theory as the most natural
expression of the uncertainty principle and have proven themselves important
tools for cryptographic security proofs. An open question has been how strong
entropic uncertainty relations can be. Here we answer this question by showing
that there exist observables that obey maximally strong entropic uncertainty
relations in high dimensional Hilbert spaces. Actually, we show that maximally
strong uncertainty relations are typically verified if the observables are
distributed somehow uniformly. In particular, we show that phase randomness in
a mutually unbiased basis is sufficient, providing a link between uncertainty
relations and local gauge invariance. For quantum systems of finite dimensions
our approach provides an explicit relation between the strength of the
uncertainty and its probability.
</subfield>
  </datafield>
  <datafield tag="650" ind1="1" ind2="7">
    <subfield code="a">Quantum Physics</subfield>
  </datafield>
  <datafield tag="655" ind1="7" ind2=" ">
    <subfield code="a">text</subfield>
  </datafield>
  <datafield tag="700" ind1=" " ind2=" ">
    <subfield code="a">Lloyd, Seth</subfield>
  </datafield>
  <datafield tag="035" ind1=" " ind2=" ">
    <subfield code="a">oai:arXiv.org:1312.4431</subfield>
    <subfield code="u">http://export.arxiv.org/oai2</subfield>
    <subfield code="9">http://export.arxiv.org/oai2</subfield>
    <subfield code="d">2013-12-17</subfield>
    <subfield code="h">2013-12-17T11:15:01Z</subfield>
    <subfield code="m"></subfield>
    <subfield code="t">false</subfield>
  </datafield>
  <datafield tag="980" ind1=" " ind2=" ">
    <subfield code="a">PREPRINT</subfield>
  </datafield>
</record>