
<record>
  
  
  <datafield tag="100" ind1=" " ind2=" ">
    <subfield code="a">Penna-Lima, M.</subfield>
  </datafield>
  <datafield tag="245" ind1=" " ind2=" ">
    <subfield code="a">Biases on cosmological parameter estimators from galaxy cluster number
  counts</subfield>
  </datafield>
  <datafield tag="260" ind1=" " ind2=" ">
    <subfield code="c">2013-12-16</subfield>
  </datafield>
  <datafield tag="520" ind1=" " ind2=" ">
    <subfield code="a">  The abundance of galaxy clusters is becoming a standard cosmological probe.
In particular, Sunyaev-Zel'dovich (SZ) surveys are promising probes of the Dark
Energy (DE) equation of state (eqos), given their ability to find distant
clusters and provide estimates for their mass. However, current SZ catalogs
contain tens to hundreds of objects. In this case, it is not guaranteed that
maximum likelihood (ML) estimators of cosmological parameters are unbiased. In
this work we study estimators from cluster abundance for some cosmological
parameters. We derive an unbinned likelihood for cluster abundance, showing
that it is equivalent to the one commonly used in the literature. We use the
Monte Carlo (MC) approach to determine the presence of bias using this
likelihood and its behavior with both area and depth of the survey, and the
number of cosmological parameters fitted simultaneously. Assuming perfect
knowledge on mass and redshift, we obtain that some estimators have non
negligible biases. For example, the bias of sigma_8 corresponds to 37% of its
statistical error bar when it is fitted together with the cold dark matter
density parameter Omega_c and the DE eqos parameter w_0. Including mass and
redshift uncertainties decreases the relevance of the bias in comparison with
the error bars. Considering a joint likelihood for cluster abundance and
distance priors from the cosmic microwave background, we obtain that, in most
cases, the biases are negligible compared to the statistical error bars.
Finally, we compute the error bars of Omega_c, sigma_8, and w_0 using Fisher
matrix and profile likelihood approaches, showing that they are compatible with
the MC ones. The results of this work validate the use of the current ML
methods for cluster abundance. To perform this work, we developed fast,
accurate and adaptable codes in the Numerical Cosmology framework, which is
available to the community.
</subfield>
  </datafield>
  <datafield tag="650" ind1="1" ind2="7">
    <subfield code="a">Astrophysics - Cosmology and Extragalactic Astrophysics</subfield>
  </datafield>
  <datafield tag="655" ind1="7" ind2=" ">
    <subfield code="a">text</subfield>
  </datafield>
  <datafield tag="700" ind1=" " ind2=" ">
    <subfield code="a">Makler, M.</subfield>
  </datafield>
  <datafield tag="700" ind1=" " ind2=" ">
    <subfield code="a">Wuensche, C. A.</subfield>
  </datafield>
  <datafield tag="035" ind1=" " ind2=" ">
    <subfield code="a">oai:arXiv.org:1312.4430</subfield>
    <subfield code="u">http://export.arxiv.org/oai2</subfield>
    <subfield code="9">http://export.arxiv.org/oai2</subfield>
    <subfield code="d">2013-12-17</subfield>
    <subfield code="h">2013-12-17T11:15:01Z</subfield>
    <subfield code="m"></subfield>
    <subfield code="t">false</subfield>
  </datafield>
  <datafield tag="980" ind1=" " ind2=" ">
    <subfield code="a">PREPRINT</subfield>
  </datafield>
</record>