
<record>
  
  
  <datafield tag="100" ind1=" " ind2=" ">
    <subfield code="a">Truzzolillo, Domenico</subfield>
  </datafield>
  <datafield tag="245" ind1=" " ind2=" ">
    <subfield code="a">Off-equilibrium surface tension in colloidal suspensions</subfield>
  </datafield>
  <datafield tag="260" ind1=" " ind2=" ">
    <subfield code="c">2013-12-16</subfield>
  </datafield>
  <datafield tag="520" ind1=" " ind2=" ">
    <subfield code="a">  We study the fingering instability of the interface between two miscible
fluids, a colloidal suspension and its own solvent. The temporal evolution of
the interface in a Hele-Shaw cell is found to be governed by the competition
between the non-linear viscosity of the suspension and an off-equilibrium,
effective surface tension $\Gamma_e$. By studying suspensions in a wide range
of volume fractions, $\Phi_\mathrm{C}$, we show that $\Gamma_e \sim
\Phi_\mathrm{C}^2$, in agreement with Korteweg's theory for miscible fluids.
The surface tension exhibits an anomalous increase with particle size, which we
account for using entropy arguments.
</subfield>
  </datafield>
  <datafield tag="650" ind1="1" ind2="7">
    <subfield code="a">Condensed Matter - Soft Condensed Matter</subfield>
  </datafield>
  <datafield tag="655" ind1="7" ind2=" ">
    <subfield code="a">text</subfield>
  </datafield>
  <datafield tag="700" ind1=" " ind2=" ">
    <subfield code="a">Mora, Serge</subfield>
  </datafield>
  <datafield tag="700" ind1=" " ind2=" ">
    <subfield code="a">Dupas, Christelle</subfield>
  </datafield>
  <datafield tag="700" ind1=" " ind2=" ">
    <subfield code="a">Cipelletti, Luca</subfield>
  </datafield>
  <datafield tag="035" ind1=" " ind2=" ">
    <subfield code="a">oai:arXiv.org:1312.4427</subfield>
    <subfield code="u">http://export.arxiv.org/oai2</subfield>
    <subfield code="9">http://export.arxiv.org/oai2</subfield>
    <subfield code="d">2013-12-17</subfield>
    <subfield code="h">2013-12-17T11:15:01Z</subfield>
    <subfield code="m"></subfield>
    <subfield code="t">false</subfield>
  </datafield>
  <datafield tag="980" ind1=" " ind2=" ">
    <subfield code="a">PREPRINT</subfield>
  </datafield>
</record>