
<record>
  
  
  <datafield tag="100" ind1=" " ind2=" ">
    <subfield code="a">Vanderbei, Robert</subfield>
  </datafield>
  <datafield tag="245" ind1=" " ind2=" ">
    <subfield code="a">Optimization for Compressed Sensing: the Simplex Method and Kronecker
  Sparsification</subfield>
  </datafield>
  <datafield tag="260" ind1=" " ind2=" ">
    <subfield code="c">2013-12-16</subfield>
  </datafield>
  <datafield tag="520" ind1=" " ind2=" ">
    <subfield code="a">  In this paper we present two new approaches to efficiently solve large-scale
compressed sensing problems. These two ideas are independent of each other and
can therefore be used either separately or together. We consider all
possibilities.
  For the first approach, we note that the zero vector can be taken as the
initial basic (infeasible) solution for the linear programming problem and
therefore, if the true signal is very sparse, some variants of the simplex
method can be expected to take only a small number of pivots to arrive at a
solution. We implemented one such variant and demonstrate a dramatic
improvement in computation time on very sparse signals.
  The second approach requires a redesigned sensing mechanism in which the
vector signal is stacked into a matrix. This allows us to exploit the Kronecker
compressed sensing (KCS) mechanism. We show that the Kronecker sensing requires
stronger conditions for perfect recovery compared to the original vector
problem. However, the Kronecker sensing, modeled correctly, is a much sparser
linear optimization problem. Hence, algorithms that benefit from sparse problem
representation, such as interior-point methods, can solve the Kronecker sensing
problems much faster than the corresponding vector problem. In our numerical
studies, we demonstrate a ten-fold improvement in the computation time.
</subfield>
  </datafield>
  <datafield tag="650" ind1="1" ind2="7">
    <subfield code="a">Statistics - Machine Learning</subfield>
  </datafield>
  <datafield tag="655" ind1="7" ind2=" ">
    <subfield code="a">text</subfield>
  </datafield>
  <datafield tag="700" ind1=" " ind2=" ">
    <subfield code="a">Liu, Han</subfield>
  </datafield>
  <datafield tag="700" ind1=" " ind2=" ">
    <subfield code="a">Wang, Lie</subfield>
  </datafield>
  <datafield tag="700" ind1=" " ind2=" ">
    <subfield code="a">Lin, Kevin</subfield>
  </datafield>
  <datafield tag="035" ind1=" " ind2=" ">
    <subfield code="a">oai:arXiv.org:1312.4426</subfield>
    <subfield code="u">http://export.arxiv.org/oai2</subfield>
    <subfield code="9">http://export.arxiv.org/oai2</subfield>
    <subfield code="d">2013-12-17</subfield>
    <subfield code="h">2013-12-17T11:15:01Z</subfield>
    <subfield code="m"></subfield>
    <subfield code="t">false</subfield>
  </datafield>
  <datafield tag="980" ind1=" " ind2=" ">
    <subfield code="a">PREPRINT</subfield>
  </datafield>
</record>