
<record>
  
  
  <datafield tag="100" ind1=" " ind2=" ">
    <subfield code="a">Gödert, Winfried</subfield>
  </datafield>
  <datafield tag="245" ind1=" " ind2=" ">
    <subfield code="a">An Ontology-based Model for Indexing and Retrieval</subfield>
  </datafield>
  <datafield tag="260" ind1=" " ind2=" ">
    <subfield code="c">2013-12-16</subfield>
  </datafield>
  <datafield tag="520" ind1=" " ind2=" ">
    <subfield code="a">  Starting from an unsolved problem of information retrieval this paper
presents an ontology-based model for indexing and retrieval. The model combines
the methods and experiences of cognitive-to-interpret indexing languages with
the strengths and possibilities of formal knowledge representation. The core
component of the model uses inferences along the paths of typed relations
between the entities of a knowledge representation for enabling the
determination of hit quantities in the context of retrieval processes. The
entities are arranged in aspect-oriented facets to ensure a consistent
hierarchical structure. The possible consequences for indexing and retrieval
are discussed.
</subfield>
  </datafield>
  <datafield tag="650" ind1="1" ind2="7">
    <subfield code="a">Computer Science - Information Retrieval</subfield>
  </datafield>
  <datafield tag="655" ind1="7" ind2=" ">
    <subfield code="a">text</subfield>
  </datafield>
  <datafield tag="035" ind1=" " ind2=" ">
    <subfield code="a">oai:arXiv.org:1312.4425</subfield>
    <subfield code="u">http://export.arxiv.org/oai2</subfield>
    <subfield code="9">http://export.arxiv.org/oai2</subfield>
    <subfield code="d">2013-12-17</subfield>
    <subfield code="h">2013-12-17T11:15:01Z</subfield>
    <subfield code="m"></subfield>
    <subfield code="t">false</subfield>
  </datafield>
  <datafield tag="980" ind1=" " ind2=" ">
    <subfield code="a">PREPRINT</subfield>
  </datafield>
</record>