
<record>
  
  
  <datafield tag="100" ind1=" " ind2=" ">
    <subfield code="a">Shi, Zuoqiang</subfield>
  </datafield>
  <datafield tag="245" ind1=" " ind2=" ">
    <subfield code="a">Convergence of Finite Integral Method for Poisson Equation and
  Corresponding Eigenproblems</subfield>
  </datafield>
  <datafield tag="260" ind1=" " ind2=" ">
    <subfield code="c">2013-12-16</subfield>
  </datafield>
  <datafield tag="520" ind1=" " ind2=" ">
    <subfield code="a">  In this paper, we introduce finite integral method (FIM) for solving PDE's on
submanifolds isometrically embedded in Euclidean spaces. We show the
convergence of FIM for solving Poisson equation and Helmholtz equation (aka the
eigensystem of Laplace-Beltrami operator) with Neumann boundary. Being a
meshless method, FIM avoids the process of meshing the underlying domain, which
can be very difficult for curved submanifolds. Therefore it is a good
alternative to finite element method when the mesh structure of good quality is
not available, which indeed occurs in many applications. Moreover, comparing to
traditional meshless method, FIM does not need to construct basis functions and
thus is much simpler and more efficient.
  We extend the previous work of the convergence of the eigensystem of the
integral Laplace operator and its discrete version to that of Laplace-Beltrami
operator in two ways. First we show the convergence of the eigensystem in the
presence of Neumann boundary where the integral Laplace operator is in fact
dominated by the first order derivative. Second, we generalize standard
Gaussian kernel to a large class of integral kernels, including ones with
compact support. Unlike the previous approach, our approach avoids resorting to
the heat kernel of the manifold, which make it possible to be extended to
analyze the integral Laplace operator on more complicated spaces where the heat
kernel is not defined.
  The section of numerical results (Section 10) by Zhen Li shows the
performance of finite integral method and its comparison with finite element
method.
</subfield>
  </datafield>
  <datafield tag="650" ind1="1" ind2="7">
    <subfield code="a">Mathematics - Numerical Analysis</subfield>
  </datafield>
  <datafield tag="655" ind1="7" ind2=" ">
    <subfield code="a">text</subfield>
  </datafield>
  <datafield tag="700" ind1=" " ind2=" ">
    <subfield code="a">Sun, Jian</subfield>
  </datafield>
  <datafield tag="700" ind1=" " ind2=" ">
    <subfield code="a">Li, Zhen</subfield>
  </datafield>
  <datafield tag="035" ind1=" " ind2=" ">
    <subfield code="a">oai:arXiv.org:1312.4424</subfield>
    <subfield code="u">http://export.arxiv.org/oai2</subfield>
    <subfield code="9">http://export.arxiv.org/oai2</subfield>
    <subfield code="d">2013-12-17</subfield>
    <subfield code="h">2013-12-17T11:15:01Z</subfield>
    <subfield code="m"></subfield>
    <subfield code="t">false</subfield>
  </datafield>
  <datafield tag="980" ind1=" " ind2=" ">
    <subfield code="a">PREPRINT</subfield>
  </datafield>
</record>