
<record>
  
  
  <datafield tag="100" ind1=" " ind2=" ">
    <subfield code="a">Song, Changick</subfield>
  </datafield>
  <datafield tag="245" ind1=" " ind2=" ">
    <subfield code="a">Achievable Diversity-Rate Tradeoff of MIMO AF Relaying Systems with MMSE
  Transceivers</subfield>
  </datafield>
  <datafield tag="260" ind1=" " ind2=" ">
    <subfield code="c">2013-12-16</subfield>
  </datafield>
  <datafield tag="520" ind1=" " ind2=" ">
    <subfield code="a">  This paper investigates the diversity order of the minimum mean squared error
(MMSE) based optimal transceivers in multiple-input multiple-output (MIMO)
amplify-and-forward (AF) relaying systems. While the diversity-multiplexing
tradeoff (DMT) analysis accurately predicts the behavior of the MMSE receiver
for the positive multiplexing gain, it turned out that the performance is very
unpredictable via DMT for the case of fixed rates, because MMSE strategies
exhibit a complicated rate dependent behavior. In this paper, we establish the
diversity-rate tradeoff performance of MIMO AF relaying systems with the MMSE
transceivers as a closed-form for all fixed rates, thereby providing a complete
characterization of the diversity order together with the earlier work on DMT.
</subfield>
  </datafield>
  <datafield tag="650" ind1="1" ind2="7">
    <subfield code="a">Computer Science - Information Theory</subfield>
  </datafield>
  <datafield tag="655" ind1="7" ind2=" ">
    <subfield code="a">text</subfield>
  </datafield>
  <datafield tag="700" ind1=" " ind2=" ">
    <subfield code="a">Ling, Cong</subfield>
  </datafield>
  <datafield tag="035" ind1=" " ind2=" ">
    <subfield code="a">oai:arXiv.org:1312.4423</subfield>
    <subfield code="u">http://export.arxiv.org/oai2</subfield>
    <subfield code="9">http://export.arxiv.org/oai2</subfield>
    <subfield code="d">2013-12-17</subfield>
    <subfield code="h">2013-12-17T11:15:01Z</subfield>
    <subfield code="m"></subfield>
    <subfield code="t">false</subfield>
  </datafield>
  <datafield tag="980" ind1=" " ind2=" ">
    <subfield code="a">PREPRINT</subfield>
  </datafield>
</record>