
<record>
  
  
  <datafield tag="100" ind1=" " ind2=" ">
    <subfield code="a">Braun, Andreas P.</subfield>
  </datafield>
  <datafield tag="245" ind1=" " ind2=" ">
    <subfield code="a">On the Classification of Elliptic Fibrations modulo Isomorphism on K3
  Surfaces with large Picard Number</subfield>
  </datafield>
  <datafield tag="260" ind1=" " ind2=" ">
    <subfield code="c">2013-12-16</subfield>
  </datafield>
  <datafield tag="520" ind1=" " ind2=" ">
    <subfield code="a">  Motivated by a problem originating in string theory, we study elliptic
fibrations on K3 surfaces with large Picard number modulo isomorphism. We give
methods to determine upper bounds for the number of inequivalent K3 surfaces
sharing the same frame lattice. For any given Neron--Severi lattice $S_X$, such
a bound on the `multiplicity' can be derived by investigating the quotient of
the isometry group of $S_X$ by the automorphism group. The resulting bounds are
strongest for large Picard numbers and multiplicities of unity do indeed occur
for a number of K3 surfaces with Picard number 20. Under a few extra
conditions, a more refined analysis is also possible by explicitly studying the
embedding of $S_X$ into the even unimodular lattice ${\rm II}_{1,25}$ and
exploiting the detailed structure of the isometry groups of $S_X$ and ${\rm
II}_{1,25}$. We illustrate these methods in examples and derive bounds for the
number of elliptic fibrations on Kummer surfaces of Picard numbers 17 and 20.
As an intermediate step, we also discuss coarser classification schemes and
review known results.
</subfield>
  </datafield>
  <datafield tag="650" ind1="1" ind2="7">
    <subfield code="a">Mathematics - Algebraic Geometry</subfield>
  </datafield>
  <datafield tag="655" ind1="7" ind2=" ">
    <subfield code="a">text</subfield>
  </datafield>
  <datafield tag="700" ind1=" " ind2=" ">
    <subfield code="a">Kimura, Yusuke</subfield>
  </datafield>
  <datafield tag="700" ind1=" " ind2=" ">
    <subfield code="a">Watari, Taizan</subfield>
  </datafield>
  <datafield tag="035" ind1=" " ind2=" ">
    <subfield code="a">oai:arXiv.org:1312.4421</subfield>
    <subfield code="u">http://export.arxiv.org/oai2</subfield>
    <subfield code="9">http://export.arxiv.org/oai2</subfield>
    <subfield code="d">2013-12-17</subfield>
    <subfield code="h">2013-12-17T11:15:01Z</subfield>
    <subfield code="m"></subfield>
    <subfield code="t">false</subfield>
  </datafield>
  <datafield tag="980" ind1=" " ind2=" ">
    <subfield code="a">PREPRINT</subfield>
  </datafield>
</record>