
<record>
  
  
  <datafield tag="100" ind1=" " ind2=" ">
    <subfield code="a">Stecher, Thomas</subfield>
  </datafield>
  <datafield tag="245" ind1=" " ind2=" ">
    <subfield code="a">Free energy surface reconstruction from umbrella samples using Gaussian
  process regression I: theory and performance in one dimension</subfield>
  </datafield>
  <datafield tag="260" ind1=" " ind2=" ">
    <subfield code="c">2013-12-16</subfield>
  </datafield>
  <datafield tag="520" ind1=" " ind2=" ">
    <subfield code="a">  We demonstrate how a prior assumption of smoothness can be used to enhance
the reconstruction of free energy profiles from multiple umbrella sampling
simulations using the Bayesian Gaussian process regression approach. The method
we derive allows the concurrent use of histograms and free energy gradients and
can easily be extended to include further data. In Part I we review the
necessary theory and test the method for one collective variable. We
demonstrate improved performance with respect to the weighted histogram
analysis method and obtain meaningful error bars without any significant
additional computation. In Part II we consider the case of multiple collective
variables and compare to a reconstruction using least squares fitting of radial
basis functions. We find substantial improvements in the regimes of spatially
sparse data or short sampling trajectories. A software implementation is made
available on www.libatoms.org.
</subfield>
  </datafield>
  <datafield tag="650" ind1="1" ind2="7">
    <subfield code="a">Condensed Matter - Statistical Mechanics</subfield>
  </datafield>
  <datafield tag="655" ind1="7" ind2=" ">
    <subfield code="a">text</subfield>
  </datafield>
  <datafield tag="700" ind1=" " ind2=" ">
    <subfield code="a">Bernstein, Noam</subfield>
  </datafield>
  <datafield tag="700" ind1=" " ind2=" ">
    <subfield code="a">Csányi, Gábor</subfield>
  </datafield>
  <datafield tag="035" ind1=" " ind2=" ">
    <subfield code="a">oai:arXiv.org:1312.4419</subfield>
    <subfield code="u">http://export.arxiv.org/oai2</subfield>
    <subfield code="9">http://export.arxiv.org/oai2</subfield>
    <subfield code="d">2013-12-17</subfield>
    <subfield code="h">2013-12-17T11:15:01Z</subfield>
    <subfield code="m"></subfield>
    <subfield code="t">false</subfield>
  </datafield>
  <datafield tag="980" ind1=" " ind2=" ">
    <subfield code="a">PREPRINT</subfield>
  </datafield>
</record>