
<record>
  
  
  <datafield tag="100" ind1=" " ind2=" ">
    <subfield code="a">Mok, Angus</subfield>
  </datafield>
  <datafield tag="245" ind1=" " ind2=" ">
    <subfield code="a">Star Formation and Environmental Quenching of GEEC2 Group Galaxies at
  z~1</subfield>
  </datafield>
  <datafield tag="260" ind1=" " ind2=" ">
    <subfield code="c">2013-12-16</subfield>
  </datafield>
  <datafield tag="520" ind1=" " ind2=" ">
    <subfield code="a">  We present new analysis from the GEEC2 spectroscopic survey of galaxy groups
at $0.8&lt;z&lt;1$. Our previous work revealed an intermediate population between the
star-forming and quiescent sequences and a strong environmental dependence in
the fraction of quiescent galaxies. Only $\sim5$ per cent of star-forming
galaxies in both the group and field sample show a significant enhancement in
star formation, which suggests that quenching is the primary process in the
transition from the star-forming to the quiescent state. To model the
environmental quenching scenario, we have tested the use of different
exponential quenching timescales and delays between satellite accretion and the
onset of quenching. We find that with no delay, the quenching timescale needs
to be long in order to match the observed quiescent fraction, but then this
model produces too many intermediate galaxies. Fixing a delay time of 3 Gyr, as
suggested from the local universe, produces too few quiescent galaxies. The
observed fractions are best matched with a model that includes a delay that is
proportional to the dynamical time and a rapid quenching timescale ($\sim0.25$
Gyr), but this model also predicts intermediate galaxies H{\delta} strength
higher than that observed. Using stellar synthesis models, we have tested other
scenarios, such as the rejuvenation of star formation in early-type galaxies
and a portion of quenched galaxies possessing residual star formation. If
environment quenching plays a role in the GEEC2 sample, then our work suggests
that only a fraction of intermediate galaxies may be undergoing this transition
and that quenching occurs quite rapidly in satellite galaxies ($\lesssim0.25$
Gyr).
</subfield>
  </datafield>
  <datafield tag="650" ind1="1" ind2="7">
    <subfield code="a">Astrophysics - Galaxy Astrophysics</subfield>
  </datafield>
  <datafield tag="655" ind1="7" ind2=" ">
    <subfield code="a">text</subfield>
  </datafield>
  <datafield tag="700" ind1=" " ind2=" ">
    <subfield code="a">Balogh, Michael L.</subfield>
  </datafield>
  <datafield tag="700" ind1=" " ind2=" ">
    <subfield code="a">McGee, Sean L.</subfield>
  </datafield>
  <datafield tag="700" ind1=" " ind2=" ">
    <subfield code="a">Wilman, David J.</subfield>
  </datafield>
  <datafield tag="700" ind1=" " ind2=" ">
    <subfield code="a">Finoguenov, Alexis</subfield>
  </datafield>
  <datafield tag="700" ind1=" " ind2=" ">
    <subfield code="a">Tanaka, Masayuki</subfield>
  </datafield>
  <datafield tag="700" ind1=" " ind2=" ">
    <subfield code="a">Bower, Richard G.</subfield>
  </datafield>
  <datafield tag="700" ind1=" " ind2=" ">
    <subfield code="a">Hou, Annie</subfield>
  </datafield>
  <datafield tag="700" ind1=" " ind2=" ">
    <subfield code="a">Mulchaey, John S.</subfield>
  </datafield>
  <datafield tag="700" ind1=" " ind2=" ">
    <subfield code="a">Parker, Laura C.</subfield>
  </datafield>
  <datafield tag="035" ind1=" " ind2=" ">
    <subfield code="a">oai:arXiv.org:1312.4418</subfield>
    <subfield code="u">http://export.arxiv.org/oai2</subfield>
    <subfield code="9">http://export.arxiv.org/oai2</subfield>
    <subfield code="d">2013-12-17</subfield>
    <subfield code="h">2013-12-17T11:15:01Z</subfield>
    <subfield code="m"></subfield>
    <subfield code="t">false</subfield>
  </datafield>
  <datafield tag="980" ind1=" " ind2=" ">
    <subfield code="a">PREPRINT</subfield>
  </datafield>
</record>