
<record>
  
  
  <datafield tag="100" ind1=" " ind2=" ">
    <subfield code="a">Kierspel, Thomas</subfield>
  </datafield>
  <datafield tag="245" ind1=" " ind2=" ">
    <subfield code="a">Spatially separated polar samples of the cis and trans conformers of
  3-fluorophenol</subfield>
  </datafield>
  <datafield tag="260" ind1=" " ind2=" ">
    <subfield code="c">2013-12-16</subfield>
  </datafield>
  <datafield tag="520" ind1=" " ind2=" ">
    <subfield code="a">  We demonstrate the spatial separation of the cis- and trans-conformers of
3-fluorophenol in the gas phase based on their distinct electric dipole
moments. For both conformers we create very polar samples of their
lowest-energy rotational quantum states. A >95 % pure beam of
trans-3-fluorophenol and a >90 % pure beam of the lowest-energy rotational
states of the less polar cis-3-fluorophenol were obtained for helium and neon
supersonic expansions, respectively. This is the first demonstration of the
spatial separation of the lowest-energy rotational states of the least polar
conformer, which is necessary for strong alignment and orientation of all
individual conformers.
</subfield>
  </datafield>
  <datafield tag="650" ind1="1" ind2="7">
    <subfield code="a">Physics - Chemical Physics</subfield>
  </datafield>
  <datafield tag="655" ind1="7" ind2=" ">
    <subfield code="a">text</subfield>
  </datafield>
  <datafield tag="700" ind1=" " ind2=" ">
    <subfield code="a">Horke, Daniel A.</subfield>
  </datafield>
  <datafield tag="700" ind1=" " ind2=" ">
    <subfield code="a">Chang, Yuan-Pin</subfield>
  </datafield>
  <datafield tag="700" ind1=" " ind2=" ">
    <subfield code="a">Küpper, Jochen</subfield>
  </datafield>
  <datafield tag="035" ind1=" " ind2=" ">
    <subfield code="a">oai:arXiv.org:1312.4417</subfield>
    <subfield code="u">http://export.arxiv.org/oai2</subfield>
    <subfield code="9">http://export.arxiv.org/oai2</subfield>
    <subfield code="d">2013-12-17</subfield>
    <subfield code="h">2013-12-17T11:15:01Z</subfield>
    <subfield code="m"></subfield>
    <subfield code="t">false</subfield>
  </datafield>
  <datafield tag="980" ind1=" " ind2=" ">
    <subfield code="a">PREPRINT</subfield>
  </datafield>
</record>