
<record>
  
  
  <datafield tag="100" ind1=" " ind2=" ">
    <subfield code="a">Ilnytskyi, J. M.</subfield>
  </datafield>
  <datafield tag="245" ind1=" " ind2=" ">
    <subfield code="a">Relation between the grafting density of liquid crystal macromolecule
  and the symmetry of self-assembled bulk phase: coarse-grained molecular
  dynamics study</subfield>
  </datafield>
  <datafield tag="260" ind1=" " ind2=" ">
    <subfield code="c">2013-12-16</subfield>
  </datafield>
  <datafield tag="520" ind1=" " ind2=" ">
    <subfield code="a">  I consider a generic coarse-grained model suitable for the study of bulk
self-assembly of liquid crystal (LC) macromolecules. The cases include LC
dendrimers, gold nanoparticles modified by polymer chains with terminating LC
groups and others. The study is focused on the relation between a number of
grafted chains, $N_{\rm ch}$, and the symmetry of the self-assembled bulk
phases. Simple space-filling arguments are used first to estimate stability
intervals for a rod-like, disc-like and spherulitic conformations in terms of
$N_{\rm ch}$. These are followed by coarse-grained molecular dynamics
simulations for both spontaneous and aided self-assembly of LC macromolecules
into bulk phases. In spontaneous self-assembly runs, essential coexistence of
rod-like and disc-like conformations is observed (via analysis of the
histograms for the molecular asphericity) in a broad interval of $N_{\rm ch}$,
which prevents the formation of defect-free structures. The use of uniaxial and
planar aiding fields is found to improve self-assembly into monodomain phases
by promoting conformations of respective symmetry. Strong shape-phase relation,
observed experimentally, is also indicated by the simulations by the
coincidence of the stability intervals for the respective conformations with
those for the bulk phases.
</subfield>
  </datafield>
  <datafield tag="650" ind1="1" ind2="7">
    <subfield code="a">Condensed Matter - Soft Condensed Matter</subfield>
  </datafield>
  <datafield tag="655" ind1="7" ind2=" ">
    <subfield code="a">text</subfield>
  </datafield>
  <datafield tag="035" ind1=" " ind2=" ">
    <subfield code="a">oai:arXiv.org:1312.4416</subfield>
    <subfield code="u">http://export.arxiv.org/oai2</subfield>
    <subfield code="9">http://export.arxiv.org/oai2</subfield>
    <subfield code="d">2013-12-17</subfield>
    <subfield code="h">2013-12-17T11:15:01Z</subfield>
    <subfield code="m"></subfield>
    <subfield code="t">false</subfield>
  </datafield>
  <datafield tag="980" ind1=" " ind2=" ">
    <subfield code="a">PREPRINT</subfield>
  </datafield>
</record>