
<record>
  
  
  <datafield tag="100" ind1=" " ind2=" ">
    <subfield code="a">Towfic, Zaid J.</subfield>
  </datafield>
  <datafield tag="245" ind1=" " ind2=" ">
    <subfield code="a">Adaptive Penalty-Based Distributed Stochastic Convex Optimization</subfield>
  </datafield>
  <datafield tag="260" ind1=" " ind2=" ">
    <subfield code="c">2013-12-16</subfield>
  </datafield>
  <datafield tag="520" ind1=" " ind2=" ">
    <subfield code="a">  In this work, we study the task of distributed optimization over a network of
learners in which each learner possesses a convex cost function, a set of
affine equality constraints, and a set of convex inequality constraints. We
propose a fully-distributed adaptive diffusion algorithm based on penalty
methods that allows the network to cooperatively optimize the global cost
function, which is defined as the sum of the individual costs over the network,
subject to all constraints. We show that when small constant step-sizes are
employed, the expected distance between the optimal solution vector and that
obtained at each node in the network can be made arbitrarily small. Two
distinguishing features of the proposed solution relative to other related
approaches is that the developed strategy does not require the use of
projections and is able to adapt to and track drifts in the location of the
minimizer due to changes in the constraints or in the aggregate cost itself.
The proposed strategy is also able to cope with changing network topology, is
robust to network disruptions, and does not require global information or rely
on central processors.
</subfield>
  </datafield>
  <datafield tag="650" ind1="1" ind2="7">
    <subfield code="a">Mathematics - Optimization and Control</subfield>
  </datafield>
  <datafield tag="655" ind1="7" ind2=" ">
    <subfield code="a">text</subfield>
  </datafield>
  <datafield tag="700" ind1=" " ind2=" ">
    <subfield code="a">Sayed, Ali H.</subfield>
  </datafield>
  <datafield tag="035" ind1=" " ind2=" ">
    <subfield code="a">oai:arXiv.org:1312.4415</subfield>
    <subfield code="u">http://export.arxiv.org/oai2</subfield>
    <subfield code="9">http://export.arxiv.org/oai2</subfield>
    <subfield code="d">2013-12-17</subfield>
    <subfield code="h">2013-12-17T11:15:01Z</subfield>
    <subfield code="m"></subfield>
    <subfield code="t">false</subfield>
  </datafield>
  <datafield tag="980" ind1=" " ind2=" ">
    <subfield code="a">PREPRINT</subfield>
  </datafield>
</record>