
<record>
  
  
  <datafield tag="100" ind1=" " ind2=" ">
    <subfield code="a">Ivanov, Sergiu</subfield>
  </datafield>
  <datafield tag="245" ind1=" " ind2=" ">
    <subfield code="a">Small Universal Petri Nets with Inhibitor Arcs</subfield>
  </datafield>
  <datafield tag="260" ind1=" " ind2=" ">
    <subfield code="c">2013-12-16</subfield>
  </datafield>
  <datafield tag="520" ind1=" " ind2=" ">
    <subfield code="a">  We investigate the problem of construction of small-size universal Petri nets
with inhibitor arcs. We consider four descriptional complexity parameters: the
number of places, transitions, inhibitor arcs, and the maximal degree of a
transition, each of which we try to minimize.
  We give six constructions having the following values of parameters (listed
in the above order): $(30,34,13,3)$, $(14, 31, 51, 8)$, $(11, 31, 79, 11)$,
$(21,25,13,5)$, $(67, 64, 8, 3)$, $(58, 55, 8, 5)$ that improve the few known
results on this topic. Our investigation also highlights several interesting
trade-offs.
</subfield>
  </datafield>
  <datafield tag="650" ind1="1" ind2="7">
    <subfield code="a">Computer Science - Formal Languages and Automata Theory</subfield>
  </datafield>
  <datafield tag="655" ind1="7" ind2=" ">
    <subfield code="a">text</subfield>
  </datafield>
  <datafield tag="700" ind1=" " ind2=" ">
    <subfield code="a">Pelz, Elisabeth</subfield>
  </datafield>
  <datafield tag="700" ind1=" " ind2=" ">
    <subfield code="a">Verlan, Sergey</subfield>
  </datafield>
  <datafield tag="035" ind1=" " ind2=" ">
    <subfield code="a">oai:arXiv.org:1312.4414</subfield>
    <subfield code="u">http://export.arxiv.org/oai2</subfield>
    <subfield code="9">http://export.arxiv.org/oai2</subfield>
    <subfield code="d">2013-12-17</subfield>
    <subfield code="h">2013-12-17T11:15:01Z</subfield>
    <subfield code="m"></subfield>
    <subfield code="t">false</subfield>
  </datafield>
  <datafield tag="980" ind1=" " ind2=" ">
    <subfield code="a">PREPRINT</subfield>
  </datafield>
</record>