
<record>
  
  
  <datafield tag="100" ind1=" " ind2=" ">
    <subfield code="a">Alstrup, Stephen</subfield>
  </datafield>
  <datafield tag="245" ind1=" " ind2=" ">
    <subfield code="a">Near-optimal labeling schemes for nearest common ancestors</subfield>
  </datafield>
  <datafield tag="260" ind1=" " ind2=" ">
    <subfield code="c">2013-12-16</subfield>
  </datafield>
  <datafield tag="520" ind1=" " ind2=" ">
    <subfield code="a">  We consider NCA labeling schemes: given a rooted tree $T$, label the nodes of
$T$ with binary strings such that, given the labels of any two nodes, one can
determine, by looking only at the labels, the label of their nearest common
ancestor.
  For trees with $n$ nodes we present upper and lower bounds establishing that
labels of size $(2\pm \epsilon)\log n$, $\epsilon&lt;1$ are both sufficient and
necessary. (All logarithms in this paper are in base 2.)
  Alstrup, Bille, and Rauhe (SIDMA'05) showed that ancestor and NCA labeling
schemes have labels of size $\log n +\Omega(\log \log n)$. Our lower bound
increases this to $\log n + \Omega(\log n)$ for NCA labeling schemes. Since
Fraigniaud and Korman (STOC'10) established that labels in ancestor labeling
schemes have size $\log n +\Theta(\log \log n)$, our new lower bound separates
ancestor and NCA labeling schemes. Our upper bound improves the $10 \log n$
upper bound by Alstrup, Gavoille, Kaplan and Rauhe (TOCS'04), and our
theoretical result even outperforms some recent experimental studies by Fischer
(ESA'09) where variants of the same NCA labeling scheme are shown to all have
labels of size approximately $8 \log n$.
</subfield>
  </datafield>
  <datafield tag="650" ind1="1" ind2="7">
    <subfield code="a">Computer Science - Data Structures and Algorithms</subfield>
  </datafield>
  <datafield tag="655" ind1="7" ind2=" ">
    <subfield code="a">text</subfield>
  </datafield>
  <datafield tag="700" ind1=" " ind2=" ">
    <subfield code="a">Halvorsen, Esben Bistrup</subfield>
  </datafield>
  <datafield tag="700" ind1=" " ind2=" ">
    <subfield code="a">Larsen, Kasper Green</subfield>
  </datafield>
  <datafield tag="035" ind1=" " ind2=" ">
    <subfield code="a">oai:arXiv.org:1312.4413</subfield>
    <subfield code="u">http://export.arxiv.org/oai2</subfield>
    <subfield code="9">http://export.arxiv.org/oai2</subfield>
    <subfield code="d">2013-12-17</subfield>
    <subfield code="h">2013-12-17T11:15:01Z</subfield>
    <subfield code="m"></subfield>
    <subfield code="t">false</subfield>
  </datafield>
  <datafield tag="980" ind1=" " ind2=" ">
    <subfield code="a">PREPRINT</subfield>
  </datafield>
</record>