
<record>
  
  
  <datafield tag="100" ind1=" " ind2=" ">
    <subfield code="a">Pimpinelli, Alberto</subfield>
  </datafield>
  <datafield tag="245" ind1=" " ind2=" ">
    <subfield code="a">Exponent equality for capture-zone scaling in island nucleation: Theory
  and application to organic films</subfield>
  </datafield>
  <datafield tag="260" ind1=" " ind2=" ">
    <subfield code="c">2013-12-16</subfield>
  </datafield>
  <datafield tag="520" ind1=" " ind2=" ">
    <subfield code="a">  It is known in thin-film deposition that the density of nucleated clusters
$N$ varies with the deposition rate $R$ as a power law, $N \sim R^\alpha$. The
exponent $\alpha$ is a function of the critical nucleus size $i$ in a way that
changes with the aggregation-limiting process active in a given system. We
extend here to generic aggregation-limiting processes the derivation of the
analytical capture-zone distribution function $P_\beta(s) = a_\beta s^\beta
\exp(-b_\beta s^2)$ of Pimpinelli and Einstein [Phys. Rev. Lett. 99, 226102
(2007)]. We show that the exponent $\beta$ is generally related to the critical
nucleus size $i$ and to the exponent $\alpha$ by the equality $\alpha (2\beta +
d_f - 2) = 2i$ where $d_f$ is the fractal dimensionality of the clusters. This
remarkable results allows one to measure $i$ with no a priori knowledge of the
actual aggregation mechanism. We apply this equality to measuring the critical
nucleus size in pentacene deposition on mica.
</subfield>
  </datafield>
  <datafield tag="650" ind1="1" ind2="7">
    <subfield code="a">Condensed Matter - Materials Science</subfield>
  </datafield>
  <datafield tag="655" ind1="7" ind2=" ">
    <subfield code="a">text</subfield>
  </datafield>
  <datafield tag="700" ind1=" " ind2=" ">
    <subfield code="a">Tumbek, Levent</subfield>
  </datafield>
  <datafield tag="700" ind1=" " ind2=" ">
    <subfield code="a">Winkler, Adolf</subfield>
  </datafield>
  <datafield tag="035" ind1=" " ind2=" ">
    <subfield code="a">oai:arXiv.org:1312.4412</subfield>
    <subfield code="u">http://export.arxiv.org/oai2</subfield>
    <subfield code="9">http://export.arxiv.org/oai2</subfield>
    <subfield code="d">2013-12-17</subfield>
    <subfield code="h">2013-12-17T11:15:01Z</subfield>
    <subfield code="m"></subfield>
    <subfield code="t">false</subfield>
  </datafield>
  <datafield tag="980" ind1=" " ind2=" ">
    <subfield code="a">PREPRINT</subfield>
  </datafield>
</record>