
<record>
  
  
  <datafield tag="100" ind1=" " ind2=" ">
    <subfield code="a">Dobbins, Michael Gene</subfield>
  </datafield>
  <datafield tag="245" ind1=" " ind2=" ">
    <subfield code="a">A Point in a d-Polytope is the Barycenter of n Points in its (d/n)-Faces</subfield>
  </datafield>
  <datafield tag="260" ind1=" " ind2=" ">
    <subfield code="c">2013-12-16</subfield>
  </datafield>
  <datafield tag="520" ind1=" " ind2=" ">
    <subfield code="a">  Using a generalization of the Bosuk-Ulam theorem to cyclic actions of prime
order, we prove that it is always possible to find n points in the
(d/n)-dimensional faces of a d-dimensional convex polytope P so that their
center of mass is a target point in P. Equivalently, the n-fold Minkowski sum
of a polytope's (d/n)-skeleton is that polytope scaled by n. This verifies a
conjecture by Takeshi Tokuyama.
</subfield>
  </datafield>
  <datafield tag="650" ind1="1" ind2="7">
    <subfield code="a">Mathematics - Metric Geometry</subfield>
  </datafield>
  <datafield tag="655" ind1="7" ind2=" ">
    <subfield code="a">text</subfield>
  </datafield>
  <datafield tag="035" ind1=" " ind2=" ">
    <subfield code="a">oai:arXiv.org:1312.4411</subfield>
    <subfield code="u">http://export.arxiv.org/oai2</subfield>
    <subfield code="9">http://export.arxiv.org/oai2</subfield>
    <subfield code="d">2013-12-17</subfield>
    <subfield code="h">2013-12-17T11:15:01Z</subfield>
    <subfield code="m"></subfield>
    <subfield code="t">false</subfield>
  </datafield>
  <datafield tag="980" ind1=" " ind2=" ">
    <subfield code="a">PREPRINT</subfield>
  </datafield>
</record>