
<record>
  
  
  <datafield tag="100" ind1=" " ind2=" ">
    <subfield code="a">Yoon, C. S.</subfield>
  </datafield>
  <datafield tag="245" ind1=" " ind2=" ">
    <subfield code="a">Technical Report: A New Multi-Device Wireless Power Transfer Scheme
  Using an Intermediate Energy Storage Circuit</subfield>
  </datafield>
  <datafield tag="260" ind1=" " ind2=" ">
    <subfield code="c">2013-12-09</subfield>
  </datafield>
  <datafield tag="520" ind1=" " ind2=" ">
    <subfield code="a">  A new multi-device wireless power transfer scheme that reduces the overall
charging time is presented. The proposed scheme employs the intermediated
energy storage (IES) circuit which consists of a constant power driving circuit
and a super-capacitor. By utilizing the characteristic of high power density of
the super-capacitor, the receiver can receive and store the energy in short
duration and supply to the battery for long time. This enables the overlap of
charging duration between all receivers. As a result, the overall charging time
can be reduced.
</subfield>
  </datafield>
  <datafield tag="650" ind1="1" ind2="7">
    <subfield code="a">Computer Science - Other Computer Science</subfield>
  </datafield>
  <datafield tag="655" ind1="7" ind2=" ">
    <subfield code="a">text</subfield>
  </datafield>
  <datafield tag="700" ind1=" " ind2=" ">
    <subfield code="a">Nam, S. S.</subfield>
  </datafield>
  <datafield tag="700" ind1=" " ind2=" ">
    <subfield code="a">Cho, S. H.</subfield>
  </datafield>
  <datafield tag="035" ind1=" " ind2=" ">
    <subfield code="a">oai:arXiv.org:1312.4410</subfield>
    <subfield code="u">http://export.arxiv.org/oai2</subfield>
    <subfield code="9">http://export.arxiv.org/oai2</subfield>
    <subfield code="d">2013-12-17</subfield>
    <subfield code="h">2013-12-17T11:15:01Z</subfield>
    <subfield code="m"></subfield>
    <subfield code="t">false</subfield>
  </datafield>
  <datafield tag="980" ind1=" " ind2=" ">
    <subfield code="a">PREPRINT</subfield>
  </datafield>
</record>