
<record>
  
  
  <datafield tag="100" ind1=" " ind2=" ">
    <subfield code="a">Badiali, J. P.</subfield>
  </datafield>
  <datafield tag="245" ind1=" " ind2=" ">
    <subfield code="a">Time evolution of a small reactive system</subfield>
  </datafield>
  <datafield tag="260" ind1=" " ind2=" ">
    <subfield code="c">2013-12-16</subfield>
  </datafield>
  <datafield tag="520" ind1=" " ind2=" ">
    <subfield code="a">  We investigate the irreversible evolution of a small system in which a
chemical reaction takes place. We have two main goals: the first requires to
find an equation to produce a time-irreversible behavior,the second consists in
introducing a simple exactly solvable model in order to understand basic facts
in chemical kinetics. Our basic tool is the transition function counting the
number of paths joining two points in the reactive coordinates system. An exact
quantum Smoluchowski equation is derived for the reactive system in vacuum, in
the presence of a solvent in equilibrium at any time with the reactive system a
new Smoluchowski equation is obtained. The transition from a quantum regime to
a classical one is discussed. The case of a reactive system not in equilibrium
with its neighborhood is investigated in terms of path integral and via a
partial differential function. Memory effects and closure assumptions are
discussed. Using a simple potential model, the chemical rate constant is
exactly calculated and questions such as the meaning of the activation energy
or the physical content of the so-called prefactor are investigated.
</subfield>
  </datafield>
  <datafield tag="650" ind1="1" ind2="7">
    <subfield code="a">Condensed Matter - Statistical Mechanics</subfield>
  </datafield>
  <datafield tag="655" ind1="7" ind2=" ">
    <subfield code="a">text</subfield>
  </datafield>
  <datafield tag="035" ind1=" " ind2=" ">
    <subfield code="a">oai:arXiv.org:1312.4409</subfield>
    <subfield code="u">http://export.arxiv.org/oai2</subfield>
    <subfield code="9">http://export.arxiv.org/oai2</subfield>
    <subfield code="d">2013-12-17</subfield>
    <subfield code="h">2013-12-17T11:15:01Z</subfield>
    <subfield code="m"></subfield>
    <subfield code="t">false</subfield>
  </datafield>
  <datafield tag="980" ind1=" " ind2=" ">
    <subfield code="a">PREPRINT</subfield>
  </datafield>
</record>