
<record>
  
  
  <datafield tag="100" ind1=" " ind2=" ">
    <subfield code="a">Kleimenicheva, A.</subfield>
  </datafield>
  <datafield tag="245" ind1=" " ind2=" ">
    <subfield code="a">On Brownian Motion of Helium Ions in the Ballistic Regime</subfield>
  </datafield>
  <datafield tag="260" ind1=" " ind2=" ">
    <subfield code="c">2013-12-16</subfield>
  </datafield>
  <datafield tag="520" ind1=" " ind2=" ">
    <subfield code="a">  Discussed in the paper is the possibility of introducing the concept of
Brownian motion of various mesoparticles in the ballistic regime. The case in
point is the effect of collisions between thermal excitations in the liquid and
the test mesoparticle (allowing to trace its position) on the thermal motion of
the latter. The standard criterion for the brownian nature of the particle
motion assumes that the inequality $l_s&lt;R_i$ is satisfied and, consequently, a
large number of collisions with the averaged response of the mesoparticle to
such a bombardment (here $l_s$ is the mean free path of helium excitations,
$R_i$ is the effective mesoparticle radius). However, the opposite limit
$l_s>R_i$, which we refer to as the ballistic regime, is also possible. It is
characterized with the specific features in the behavior of mesoparticles. The
emphasis is made on the already available evidences indicating this behavior in
the thermal motion of helium ions.
</subfield>
  </datafield>
  <datafield tag="650" ind1="1" ind2="7">
    <subfield code="a">Condensed Matter - Other Condensed Matter</subfield>
  </datafield>
  <datafield tag="655" ind1="7" ind2=" ">
    <subfield code="a">text</subfield>
  </datafield>
  <datafield tag="700" ind1=" " ind2=" ">
    <subfield code="a">Shikin, V.</subfield>
  </datafield>
  <datafield tag="035" ind1=" " ind2=" ">
    <subfield code="a">oai:arXiv.org:1312.4408</subfield>
    <subfield code="u">http://export.arxiv.org/oai2</subfield>
    <subfield code="9">http://export.arxiv.org/oai2</subfield>
    <subfield code="d">2013-12-17</subfield>
    <subfield code="h">2013-12-17T11:15:01Z</subfield>
    <subfield code="m"></subfield>
    <subfield code="t">false</subfield>
  </datafield>
  <datafield tag="980" ind1=" " ind2=" ">
    <subfield code="a">PREPRINT</subfield>
  </datafield>
</record>