
<record>
  
  
  <datafield tag="100" ind1=" " ind2=" ">
    <subfield code="a">Nafooshe, Saeede</subfield>
  </datafield>
  <datafield tag="245" ind1=" " ind2=" ">
    <subfield code="a">Micro Black Hole Production and Evaporation</subfield>
  </datafield>
  <datafield tag="260" ind1=" " ind2=" ">
    <subfield code="c">2013-12-16</subfield>
  </datafield>
  <datafield tag="520" ind1=" " ind2=" ">
    <subfield code="a">  It has been conjectured that Micro Black Holes (MBH) may be formed in the
presence of large extra dimensions. These MBHs have very small mass and they
decay almost instantaneously. Taking into consideration quantum effects, they
should Hawking radiate mainly to Standard Model particles, this radiation then
gets modified by the non trivial geometry around the MBHs; the so called
greybody factors which filter the Hawking radiation. To test the validity of
MBH models, one needs to investigate it experimentally. A primary tool in this
investigation is simulation of the MBH formation and evaporation, including all
theoretical work that has been performed up to now. BlackMax and CHARYBDIS2 are
the most modern and realistic simulators currently available. However they
still suffer from a lack of important parameters. In this article we will
discuss the primary work that we have done to study the possible changes that
can be implemented in the simulations.
</subfield>
  </datafield>
  <datafield tag="650" ind1="1" ind2="7">
    <subfield code="a">High Energy Physics - Phenomenology</subfield>
  </datafield>
  <datafield tag="655" ind1="7" ind2=" ">
    <subfield code="a">text</subfield>
  </datafield>
  <datafield tag="700" ind1=" " ind2=" ">
    <subfield code="a">O'Loughlin, Martin</subfield>
  </datafield>
  <datafield tag="700" ind1=" " ind2=" ">
    <subfield code="a">Garzelli, Maria Vittoria</subfield>
  </datafield>
  <datafield tag="035" ind1=" " ind2=" ">
    <subfield code="a">oai:arXiv.org:1312.4407</subfield>
    <subfield code="u">http://export.arxiv.org/oai2</subfield>
    <subfield code="9">http://export.arxiv.org/oai2</subfield>
    <subfield code="d">2013-12-17</subfield>
    <subfield code="h">2013-12-17T11:15:01Z</subfield>
    <subfield code="m"></subfield>
    <subfield code="t">false</subfield>
  </datafield>
  <datafield tag="980" ind1=" " ind2=" ">
    <subfield code="a">PREPRINT</subfield>
  </datafield>
</record>