
<record>
  
  
  <datafield tag="100" ind1=" " ind2=" ">
    <subfield code="a">Zhang, Xiao-Lei</subfield>
  </datafield>
  <datafield tag="245" ind1=" " ind2=" ">
    <subfield code="a">Learning Deep Representations By Distributed Random Samplings</subfield>
  </datafield>
  <datafield tag="260" ind1=" " ind2=" ">
    <subfield code="c">2013-12-16</subfield>
  </datafield>
  <datafield tag="520" ind1=" " ind2=" ">
    <subfield code="a">  In this paper, we propose an extremely simple deep model for the unsupervised
nonlinear dimensionality reduction -- deep distributed random samplings, which
performs like a stack of unsupervised bootstrap aggregating. First, its network
structure is novel: each layer of the network is a group of mutually
independent $k$-centers clusterings. Second, its learning method is extremely
simple: the $k$ centers of each clustering are only $k$ randomly selected
examples from the training data; for small-scale data sets, the $k$ centers are
further randomly reconstructed by a simple cyclic-shift operation. Experimental
results on nonlinear dimensionality reduction show that the proposed method can
learn abstract representations on both large-scale and small-scale problems,
and meanwhile is much faster than deep neural networks on large-scale problems.
</subfield>
  </datafield>
  <datafield tag="650" ind1="1" ind2="7">
    <subfield code="a">Computer Science - Learning</subfield>
  </datafield>
  <datafield tag="655" ind1="7" ind2=" ">
    <subfield code="a">text</subfield>
  </datafield>
  <datafield tag="035" ind1=" " ind2=" ">
    <subfield code="a">oai:arXiv.org:1312.4405</subfield>
    <subfield code="u">http://export.arxiv.org/oai2</subfield>
    <subfield code="9">http://export.arxiv.org/oai2</subfield>
    <subfield code="d">2013-12-17</subfield>
    <subfield code="h">2013-12-17T11:15:01Z</subfield>
    <subfield code="m"></subfield>
    <subfield code="t">false</subfield>
  </datafield>
  <datafield tag="980" ind1=" " ind2=" ">
    <subfield code="a">PREPRINT</subfield>
  </datafield>
</record>