
<record>
  
  
  <datafield tag="100" ind1=" " ind2=" ">
    <subfield code="a">Ando, Shin'ichiro</subfield>
  </datafield>
  <datafield tag="245" ind1=" " ind2=" ">
    <subfield code="a">Mapping Dark Matter in the Gamma-Ray Sky with Galaxy Catalogs</subfield>
  </datafield>
  <datafield tag="260" ind1=" " ind2=" ">
    <subfield code="c">2013-12-16</subfield>
  </datafield>
  <datafield tag="520" ind1=" " ind2=" ">
    <subfield code="a">  Cross-correlating gamma-ray maps with locations of galaxies in the
low-redshift Universe vastly increases sensitivity to signatures of
annihilation of dark matter particles. Low-redshift galaxies are ideal targets,
as the largest contribution to anisotropy in the gamma-ray sky from
annihilation comes from z &lt; 0.1, where we expect minimal contributions from
astrophysical sources such as blazars. Cross-correlating the five-year data of
Fermi-LAT with the redshift catalog of the 2MASS survey can detect gamma rays
from annihilation if dark matter has the canonical annihilation cross section
and its mass is smaller than about 100 GeV.
</subfield>
  </datafield>
  <datafield tag="650" ind1="1" ind2="7">
    <subfield code="a">Astrophysics - Cosmology and Extragalactic Astrophysics</subfield>
  </datafield>
  <datafield tag="655" ind1="7" ind2=" ">
    <subfield code="a">text</subfield>
  </datafield>
  <datafield tag="700" ind1=" " ind2=" ">
    <subfield code="a">Benoit-Lévy, Aurélien</subfield>
  </datafield>
  <datafield tag="700" ind1=" " ind2=" ">
    <subfield code="a">Komatsu, Eiichiro</subfield>
  </datafield>
  <datafield tag="035" ind1=" " ind2=" ">
    <subfield code="a">oai:arXiv.org:1312.4403</subfield>
    <subfield code="u">http://export.arxiv.org/oai2</subfield>
    <subfield code="9">http://export.arxiv.org/oai2</subfield>
    <subfield code="d">2013-12-17</subfield>
    <subfield code="h">2013-12-17T11:15:01Z</subfield>
    <subfield code="m"></subfield>
    <subfield code="t">false</subfield>
  </datafield>
  <datafield tag="980" ind1=" " ind2=" ">
    <subfield code="a">PREPRINT</subfield>
  </datafield>
</record>