
<record>
  
  
  <datafield tag="100" ind1=" " ind2=" ">
    <subfield code="a">Dumitrescu, Sorinel</subfield>
  </datafield>
  <datafield tag="245" ind1=" " ind2=" ">
    <subfield code="a">A survey on recent extensions of the Stirling formula</subfield>
  </datafield>
  <datafield tag="260" ind1=" " ind2=" ">
    <subfield code="c">2013-12-16</subfield>
  </datafield>
  <datafield tag="520" ind1=" " ind2=" ">
    <subfield code="a">  We present a survey on recent results about Stirling's formula. More exactly,
we reffer to a method using a form of Cesaro-Stolz lemma firstly introduced in
[C. Mortici Product approximations via asymptotic integration Amer. Math.
Monthly 117 (5) (2010) 434-441]. As an example we improve a result obtained in
[C. Mortici A substantial improvement of the Stirling formula Appl. Math. Lett.
24 (2011) no. 8 1351-1354]. Finally, some numerical computations are made.
</subfield>
  </datafield>
  <datafield tag="650" ind1="1" ind2="7">
    <subfield code="a">Mathematics - Classical Analysis and ODEs</subfield>
  </datafield>
  <datafield tag="655" ind1="7" ind2=" ">
    <subfield code="a">text</subfield>
  </datafield>
  <datafield tag="700" ind1=" " ind2=" ">
    <subfield code="a">Mortici, Cristinel</subfield>
  </datafield>
  <datafield tag="035" ind1=" " ind2=" ">
    <subfield code="a">oai:arXiv.org:1312.4402</subfield>
    <subfield code="u">http://export.arxiv.org/oai2</subfield>
    <subfield code="9">http://export.arxiv.org/oai2</subfield>
    <subfield code="d">2013-12-17</subfield>
    <subfield code="h">2013-12-17T11:15:01Z</subfield>
    <subfield code="m"></subfield>
    <subfield code="t">false</subfield>
  </datafield>
  <datafield tag="980" ind1=" " ind2=" ">
    <subfield code="a">PREPRINT</subfield>
  </datafield>
</record>