
<record>
  
  
  <datafield tag="100" ind1=" " ind2=" ">
    <subfield code="a">Li, Cai-Chang</subfield>
  </datafield>
  <datafield tag="245" ind1=" " ind2=" ">
    <subfield code="a">Generalised CP and Trimaximal TM$_1$ Lepton Mixing in $S_4$ Family
  Symmetry</subfield>
  </datafield>
  <datafield tag="260" ind1=" " ind2=" ">
    <subfield code="c">2013-12-16</subfield>
  </datafield>
  <datafield tag="520" ind1=" " ind2=" ">
    <subfield code="a">  We construct two flavor models based on $S_4$ family symmetry and generalised
CP symmetry. In both models, the $S_4$ family symmetry is broken down to the
$Z^{SU}_2$ subgroup in the neutrino sector, as a consequence, the trimaximal
$\text{TM}_1$ lepton mixing is produced. Depending on the free parameters in
the flavon potential, the Dirac CP is predicted to be either conserved or
maximally broken, and the Majorana CP phases are trivial. The two models differ
in the neutrino sector. The flavon fields are involved in the Dirac mass terms
at leading order in the first model, and the neutrino mass matrix contains
three real parameters such that the absolute neutrino masses are fixed.
Nevertheless, the flavon fields enter into the Majorana mass terms at leading
order in the second model. The leading order lepton mixing is of the
tri-bimaximal form which is broken down to $\text{TM}_1$ by the next to leading
order contributions.
</subfield>
  </datafield>
  <datafield tag="650" ind1="1" ind2="7">
    <subfield code="a">High Energy Physics - Phenomenology</subfield>
  </datafield>
  <datafield tag="655" ind1="7" ind2=" ">
    <subfield code="a">text</subfield>
  </datafield>
  <datafield tag="700" ind1=" " ind2=" ">
    <subfield code="a">Ding, Gui-Jun</subfield>
  </datafield>
  <datafield tag="035" ind1=" " ind2=" ">
    <subfield code="a">oai:arXiv.org:1312.4401</subfield>
    <subfield code="u">http://export.arxiv.org/oai2</subfield>
    <subfield code="9">http://export.arxiv.org/oai2</subfield>
    <subfield code="d">2013-12-17</subfield>
    <subfield code="h">2013-12-17T11:15:01Z</subfield>
    <subfield code="m"></subfield>
    <subfield code="t">false</subfield>
  </datafield>
  <datafield tag="980" ind1=" " ind2=" ">
    <subfield code="a">PREPRINT</subfield>
  </datafield>
</record>