
<record>
  
  
  <datafield tag="100" ind1=" " ind2=" ">
    <subfield code="a">Lin, Min</subfield>
  </datafield>
  <datafield tag="245" ind1=" " ind2=" ">
    <subfield code="a">Network In Network</subfield>
  </datafield>
  <datafield tag="260" ind1=" " ind2=" ">
    <subfield code="c">2013-12-16</subfield>
  </datafield>
  <datafield tag="520" ind1=" " ind2=" ">
    <subfield code="a">  We propose a novel network structure called "Network In Network" (NIN) to
enhance the model discriminability for local receptive fields. The conventional
convolutional layer uses linear filters followed by a nonlinear activation
function to scan the input. Instead, we build micro neural networks with more
complex structures to handle the variance of the local receptive fields. We
instantiate the micro neural network with a nonlinear multiple layer structure
which is a potent function approximator. The feature maps are obtained by
sliding the micro networks over the input in a similar manner of CNN and then
fed into the next layer. The deep NIN is thus implemented as stacking of
multiple sliding micro neural networks. We demonstrated state-of-the-art
classification performances with NIN on CIFAR-10/100, SVHN and MINST datasets.
</subfield>
  </datafield>
  <datafield tag="650" ind1="1" ind2="7">
    <subfield code="a">Computer Science - Neural and Evolutionary Computing</subfield>
  </datafield>
  <datafield tag="655" ind1="7" ind2=" ">
    <subfield code="a">text</subfield>
  </datafield>
  <datafield tag="700" ind1=" " ind2=" ">
    <subfield code="a">Chen, Qiang</subfield>
  </datafield>
  <datafield tag="700" ind1=" " ind2=" ">
    <subfield code="a">Yan, Shuicheng</subfield>
  </datafield>
  <datafield tag="035" ind1=" " ind2=" ">
    <subfield code="a">oai:arXiv.org:1312.4400</subfield>
    <subfield code="u">http://export.arxiv.org/oai2</subfield>
    <subfield code="9">http://export.arxiv.org/oai2</subfield>
    <subfield code="d">2013-12-17</subfield>
    <subfield code="h">2013-12-17T11:15:01Z</subfield>
    <subfield code="m"></subfield>
    <subfield code="t">false</subfield>
  </datafield>
  <datafield tag="980" ind1=" " ind2=" ">
    <subfield code="a">PREPRINT</subfield>
  </datafield>
</record>