
<record>
  
  
  <datafield tag="100" ind1=" " ind2=" ">
    <subfield code="a">Chhabra, Shantanu</subfield>
  </datafield>
  <datafield tag="245" ind1=" " ind2=" ">
    <subfield code="a">On the number of proper $k$-colorings in an $n$-gon</subfield>
  </datafield>
  <datafield tag="260" ind1=" " ind2=" ">
    <subfield code="c">2013-12-12</subfield>
  </datafield>
  <datafield tag="520" ind1=" " ind2=" ">
    <subfield code="a">  We define an $n$-gon to be any convex polygon with $n$ vertices. Let $V$
represent the set of vertices of the polygon. A proper $k$-coloring refers to a
function, $f$ : $V$ $\rightarrow$ $\{1, 2, 3, ... k\}$, such that for any two
vertices $u$ and $v$, if $f(u) = f(v)$, $u$ is not adjacent to $v$. The purpose
of this paper is to develop a recursive algorithm to compute the number of
proper $k$-colorings in an $n$-gon. The proposed algorithm can easily be solved
to obtain the explicit expression. This matches the explicit expression
obtained from the popular conventional solutions, which confirms the
correctness of the proposed algorithm. Often, for huge values of $n$ and $k$,
it becomes impractical to display the output numbers, which would consist of
thousands of digits. We report the answer modulo a certain number. In such
situations, the proposed algorithm is observed to run slightly faster than the
conventional recursive algorithm.
</subfield>
  </datafield>
  <datafield tag="650" ind1="1" ind2="7">
    <subfield code="a">Computer Science - Discrete Mathematics</subfield>
  </datafield>
  <datafield tag="655" ind1="7" ind2=" ">
    <subfield code="a">text</subfield>
  </datafield>
  <datafield tag="035" ind1=" " ind2=" ">
    <subfield code="a">oai:arXiv.org:1312.4398</subfield>
    <subfield code="u">http://export.arxiv.org/oai2</subfield>
    <subfield code="9">http://export.arxiv.org/oai2</subfield>
    <subfield code="d">2013-12-17</subfield>
    <subfield code="h">2013-12-17T11:15:01Z</subfield>
    <subfield code="m"></subfield>
    <subfield code="t">false</subfield>
  </datafield>
  <datafield tag="980" ind1=" " ind2=" ">
    <subfield code="a">PREPRINT</subfield>
  </datafield>
</record>