
<record>
  
  
  <datafield tag="100" ind1=" " ind2=" ">
    <subfield code="a">Di Nardo, Elvira</subfield>
  </datafield>
  <datafield tag="245" ind1=" " ind2=" ">
    <subfield code="a">On a symbolic representation of non-central Wishart random matrices with
  applications</subfield>
  </datafield>
  <datafield tag="260" ind1=" " ind2=" ">
    <subfield code="c">2013-12-16</subfield>
  </datafield>
  <datafield tag="520" ind1=" " ind2=" ">
    <subfield code="a">  By using a symbolic method, known in the literature as the classical umbral
calculus, the trace of a non-central Wishart random matrix is represented as
the convolution of the traces of its central component and of a formal variable
matrix. Thanks to this representation, the moments of this random matrix are
proved to be a Sheffer polynomial sequence, allowing us to recover several
properties. The multivariate symbolic method generalizes the employment of
Sheffer representation and a closed form formula for computing joint moments
and cumulants (also normalized) is given. By using this closed form formula and
a combinatorial device, known in the literature as necklace, an efficient
algorithm for their computations is set up. Applications are given to the
computation of permanents as well as to the characterization of inherited
estimators of cumulants, which turn useful in dealing with minors of
non-central Wishart random matrices. An asymptotic approximation of generalized
moments involving free probability is proposed.
</subfield>
  </datafield>
  <datafield tag="650" ind1="1" ind2="7">
    <subfield code="a">Mathematics - Statistics Theory</subfield>
  </datafield>
  <datafield tag="655" ind1="7" ind2=" ">
    <subfield code="a">text</subfield>
  </datafield>
  <datafield tag="035" ind1=" " ind2=" ">
    <subfield code="a">oai:arXiv.org:1312.4395</subfield>
    <subfield code="u">http://export.arxiv.org/oai2</subfield>
    <subfield code="9">http://export.arxiv.org/oai2</subfield>
    <subfield code="d">2013-12-17</subfield>
    <subfield code="h">2013-12-17T11:15:01Z</subfield>
    <subfield code="m"></subfield>
    <subfield code="t">false</subfield>
  </datafield>
  <datafield tag="980" ind1=" " ind2=" ">
    <subfield code="a">PREPRINT</subfield>
  </datafield>
</record>