
<record>
  
  
  <datafield tag="100" ind1=" " ind2=" ">
    <subfield code="a">Cichowolski, Silvina</subfield>
  </datafield>
  <datafield tag="245" ind1=" " ind2=" ">
    <subfield code="a">Triggered star formation in a molecular shell created by a SNR?</subfield>
  </datafield>
  <datafield tag="260" ind1=" " ind2=" ">
    <subfield code="c">2013-12-16</subfield>
  </datafield>
  <datafield tag="520" ind1=" " ind2=" ">
    <subfield code="a">  We present a study of a new molecular shell, G126.1-0.8-14, using available
multiwavelegth Galactic plane surveys and optical Gemini observations. A well
defined shell-like structure is observed in the CO(1--0) line emission at (l,b)
= (126.1, -0.8), in the velocity range --10.5 to --15.5 km/s. The HI, emission
shows a region of low emissivity inside G126.1-0.8-14, while radio continuum
observations reveal faint non-thermal emission possibly related to this shell.
Optical spectra obtained with Gemini South show the existence of B-type stars
likely to be associated with G126.1-0.8-14. An estimate of the stellar wind
energy injected by these stars show that they alone can not be able to create
such a structure. On the other hand, one supernova explosion would provide
enough energy to generate the shell. Using the MSX, IRAS, and WISE Point Source
Catalogues we have found about 30 young stellar objects candidates, whose birth
could have been triggered by the expansion of G126.1-0.8-14. In this context,
Sh2-187 could be a consequence of the action on its surroundings of the most
massive (and thus most evolve) of the stars formed by the expanding molecular
shell.
</subfield>
  </datafield>
  <datafield tag="650" ind1="1" ind2="7">
    <subfield code="a">Astrophysics - Galaxy Astrophysics</subfield>
  </datafield>
  <datafield tag="655" ind1="7" ind2=" ">
    <subfield code="a">text</subfield>
  </datafield>
  <datafield tag="700" ind1=" " ind2=" ">
    <subfield code="a">Pineault, Serge</subfield>
  </datafield>
  <datafield tag="700" ind1=" " ind2=" ">
    <subfield code="a">Gamen, Roberto</subfield>
  </datafield>
  <datafield tag="700" ind1=" " ind2=" ">
    <subfield code="a">Arnal, E. Marcelo</subfield>
  </datafield>
  <datafield tag="700" ind1=" " ind2=" ">
    <subfield code="a">Suad, Laura A.</subfield>
  </datafield>
  <datafield tag="700" ind1=" " ind2=" ">
    <subfield code="a">Ortega, Martin E.</subfield>
  </datafield>
  <datafield tag="035" ind1=" " ind2=" ">
    <subfield code="a">oai:arXiv.org:1312.4394</subfield>
    <subfield code="u">http://export.arxiv.org/oai2</subfield>
    <subfield code="9">http://export.arxiv.org/oai2</subfield>
    <subfield code="d">2013-12-17</subfield>
    <subfield code="h">2013-12-17T11:15:01Z</subfield>
    <subfield code="m"></subfield>
    <subfield code="t">false</subfield>
  </datafield>
  <datafield tag="980" ind1=" " ind2=" ">
    <subfield code="a">PREPRINT</subfield>
  </datafield>
</record>