
<record>
  
  
  <datafield tag="100" ind1=" " ind2=" ">
    <subfield code="a">Busch, Paul</subfield>
  </datafield>
  <datafield tag="245" ind1=" " ind2=" ">
    <subfield code="a">Noise Operators and Measures of RMS Error and Disturbance in Quantum
  Mechanics</subfield>
  </datafield>
  <datafield tag="260" ind1=" " ind2=" ">
    <subfield code="c">2013-12-16</subfield>
  </datafield>
  <datafield tag="520" ind1=" " ind2=" ">
    <subfield code="a">  It has been claimed in recent research publications that Heisenberg's idea of
an accuracy-disturbance trade-off in quantum measurements has been
theoretically and experimentally falsified. Here we analyze this claim and show
that it is based on a combination of three factors: (a) a restricted
perspective on measurement uncertainty relations that focuses on
state-dependent measures of error and disturbance rather than considering them
figures of merit for measuring devices; (b) a generalization of Gauss' root
mean square deviation that is based on a problematic application of the concept
of noise operator; (c) a historically incorrect attribution of a wrong
inequality to Heisenberg. We present an alternative, operationally significant
quantum generalization of root mean square deviation and using this we show how
valid formulations of Heisenberg-type error-disturbance relations for position
and momentum and qubit observables are obtained.
</subfield>
  </datafield>
  <datafield tag="650" ind1="1" ind2="7">
    <subfield code="a">Quantum Physics</subfield>
  </datafield>
  <datafield tag="655" ind1="7" ind2=" ">
    <subfield code="a">text</subfield>
  </datafield>
  <datafield tag="700" ind1=" " ind2=" ">
    <subfield code="a">Lahti, Pekka</subfield>
  </datafield>
  <datafield tag="700" ind1=" " ind2=" ">
    <subfield code="a">Werner, Reinhard F</subfield>
  </datafield>
  <datafield tag="035" ind1=" " ind2=" ">
    <subfield code="a">oai:arXiv.org:1312.4393</subfield>
    <subfield code="u">http://export.arxiv.org/oai2</subfield>
    <subfield code="9">http://export.arxiv.org/oai2</subfield>
    <subfield code="d">2013-12-17</subfield>
    <subfield code="h">2013-12-17T11:15:01Z</subfield>
    <subfield code="m"></subfield>
    <subfield code="t">false</subfield>
  </datafield>
  <datafield tag="980" ind1=" " ind2=" ">
    <subfield code="a">PREPRINT</subfield>
  </datafield>
</record>