
<record>
  
  
  <datafield tag="100" ind1=" " ind2=" ">
    <subfield code="a">Busch, Paul</subfield>
  </datafield>
  <datafield tag="245" ind1=" " ind2=" ">
    <subfield code="a">Measurement uncertainty relations</subfield>
  </datafield>
  <datafield tag="260" ind1=" " ind2=" ">
    <subfield code="c">2013-12-16</subfield>
  </datafield>
  <datafield tag="520" ind1=" " ind2=" ">
    <subfield code="a">  Measurement uncertainty relations are quantitative bounds on the errors in an
approximate joint measurement of two complementary observables like position
and momentum. They can be seen as a generalization of the error/disturbance
tradeoff first discussed heuristically by Heisenberg. Here we prove such
relations and establish a close connection with the more familiar preparation
uncertainty relations, which constrain the sharpness of the distributions of
the complementary observables in the same state. Both sets of relations are
generalized to means of order $\alpha$ rather than the usual quadratic means,
and we show that the optimal constants are the same for preparation and for
measurement uncertainty. The constants are determined numerically and compared
with some bounds in the literature. In both cases the near-saturation of the
inequalities entails that the state (resp. observable) is uniformly close to a
minimizing one.
</subfield>
  </datafield>
  <datafield tag="650" ind1="1" ind2="7">
    <subfield code="a">Quantum Physics</subfield>
  </datafield>
  <datafield tag="655" ind1="7" ind2=" ">
    <subfield code="a">text</subfield>
  </datafield>
  <datafield tag="700" ind1=" " ind2=" ">
    <subfield code="a">Lahti, Pekka</subfield>
  </datafield>
  <datafield tag="700" ind1=" " ind2=" ">
    <subfield code="a">Werner, Reinhard F</subfield>
  </datafield>
  <datafield tag="035" ind1=" " ind2=" ">
    <subfield code="a">oai:arXiv.org:1312.4392</subfield>
    <subfield code="u">http://export.arxiv.org/oai2</subfield>
    <subfield code="9">http://export.arxiv.org/oai2</subfield>
    <subfield code="d">2013-12-17</subfield>
    <subfield code="h">2013-12-17T11:15:01Z</subfield>
    <subfield code="m"></subfield>
    <subfield code="t">false</subfield>
  </datafield>
  <datafield tag="980" ind1=" " ind2=" ">
    <subfield code="a">PREPRINT</subfield>
  </datafield>
</record>