
<record>
  
  
  <datafield tag="100" ind1=" " ind2=" ">
    <subfield code="a">Zatorska, Ewelina</subfield>
  </datafield>
  <datafield tag="245" ind1=" " ind2=" ">
    <subfield code="a">Mixtures: sequential stability of variational entropy solutions</subfield>
  </datafield>
  <datafield tag="260" ind1=" " ind2=" ">
    <subfield code="c">2013-12-16</subfield>
  </datafield>
  <datafield tag="520" ind1=" " ind2=" ">
    <subfield code="a">  The purpose of this work is to analyze the mathematical model governing
motion of $n$-component, heat conducting reactive mixture of compressible
gases. We prove sequential stability of weak variational entropy solutions when
the state equation essentially depends on the species concentration and the
species diffusion fluxes depend on gradients of partial pressures. Of crucial
importance for our analysis is the fact that viscosity coefficients vanish on
vacuum and the source terms enjoy the admissibility condition dictated by the
second law of thermodynamics.
</subfield>
  </datafield>
  <datafield tag="650" ind1="1" ind2="7">
    <subfield code="a">Mathematics - Analysis of PDEs</subfield>
  </datafield>
  <datafield tag="655" ind1="7" ind2=" ">
    <subfield code="a">text</subfield>
  </datafield>
  <datafield tag="035" ind1=" " ind2=" ">
    <subfield code="a">oai:arXiv.org:1312.4391</subfield>
    <subfield code="u">http://export.arxiv.org/oai2</subfield>
    <subfield code="9">http://export.arxiv.org/oai2</subfield>
    <subfield code="d">2013-12-17</subfield>
    <subfield code="h">2013-12-17T11:15:01Z</subfield>
    <subfield code="m"></subfield>
    <subfield code="t">false</subfield>
  </datafield>
  <datafield tag="980" ind1=" " ind2=" ">
    <subfield code="a">PREPRINT</subfield>
  </datafield>
</record>