
<record>
  
  
  <datafield tag="100" ind1=" " ind2=" ">
    <subfield code="a">Bocquet, J. L.</subfield>
  </datafield>
  <datafield tag="245" ind1=" " ind2=" ">
    <subfield code="a">Correlation factor for diffusion in cubic crystals with solute-vacancy
  interactions of arbitrary range</subfield>
  </datafield>
  <datafield tag="260" ind1=" " ind2=" ">
    <subfield code="c">2013-12-16</subfield>
  </datafield>
  <datafield tag="520" ind1=" " ind2=" ">
    <subfield code="a">  A formalism using a double Laplace Fourier transform of the transport
equation yields the return probabilities of the vacancy in the vicinity of the
tracer atom in the presence of solute-vacancy interactions of arbitrary
extension. Studying model cases, it is shown that taking into account the full
range of the interaction may change noticeably the correlation factor. The
latter depends tightly on the pattern of migration barriers which is chosen to
describe the vacancy jumps around the tracer atom. A thorough ab initio
evaluation of all barriers is rarely available in the literature. It is shown
that approximations often used to overcome this lack of information can be
misleading. The examination of dilute systems recently studied shows that the
interactions within the first three neighbour shells dictate the final value
with a good precision. The main improvement of the modelling comes from
dropping the restrictive assumption which impose an equal value to the jump
frequencies leading to a dissociation of the solute-vacancy pair.
</subfield>
  </datafield>
  <datafield tag="650" ind1="1" ind2="7">
    <subfield code="a">Condensed Matter - Materials Science</subfield>
  </datafield>
  <datafield tag="655" ind1="7" ind2=" ">
    <subfield code="a">text</subfield>
  </datafield>
  <datafield tag="035" ind1=" " ind2=" ">
    <subfield code="a">oai:arXiv.org:1312.4390</subfield>
    <subfield code="u">http://export.arxiv.org/oai2</subfield>
    <subfield code="9">http://export.arxiv.org/oai2</subfield>
    <subfield code="d">2013-12-17</subfield>
    <subfield code="h">2013-12-17T11:15:01Z</subfield>
    <subfield code="m"></subfield>
    <subfield code="t">false</subfield>
  </datafield>
  <datafield tag="980" ind1=" " ind2=" ">
    <subfield code="a">PREPRINT</subfield>
  </datafield>
</record>