
<record>
  
  
  <datafield tag="100" ind1=" " ind2=" ">
    <subfield code="a">Green, Lucie M.</subfield>
  </datafield>
  <datafield tag="245" ind1=" " ind2=" ">
    <subfield code="a">Observations of flux rope formation prior to coronal mass ejections</subfield>
  </datafield>
  <datafield tag="260" ind1=" " ind2=" ">
    <subfield code="c">2013-12-16</subfield>
  </datafield>
  <datafield tag="520" ind1=" " ind2=" ">
    <subfield code="a">  Understanding the magnetic configuration of the source regions of coronal
mass ejections (CMEs) is vital in order to determine the trigger and driver of
these events. Observations of four CME productive active regions are presented
here, which indicate that the pre-eruption magnetic configuration is that of a
magnetic flux rope. The flux ropes are formed in the solar atmosphere by the
process known as flux cancellation and are stable for several hours before the
eruption. The observations also indicate that the magnetic structure that
erupts is not the entire flux rope as initially formed, raising the question of
whether the flux rope is able to undergo a partial eruption or whether it
undergoes a transition in specific flux rope configuration shortly before the
CME.
</subfield>
  </datafield>
  <datafield tag="650" ind1="1" ind2="7">
    <subfield code="a">Astrophysics - Solar and Stellar Astrophysics</subfield>
  </datafield>
  <datafield tag="655" ind1="7" ind2=" ">
    <subfield code="a">text</subfield>
  </datafield>
  <datafield tag="700" ind1=" " ind2=" ">
    <subfield code="a">Kliem, Bernhard</subfield>
  </datafield>
  <datafield tag="035" ind1=" " ind2=" ">
    <subfield code="a">oai:arXiv.org:1312.4388</subfield>
    <subfield code="u">http://export.arxiv.org/oai2</subfield>
    <subfield code="9">http://export.arxiv.org/oai2</subfield>
    <subfield code="d">2013-12-17</subfield>
    <subfield code="h">2013-12-17T11:15:01Z</subfield>
    <subfield code="m"></subfield>
    <subfield code="t">false</subfield>
  </datafield>
  <datafield tag="980" ind1=" " ind2=" ">
    <subfield code="a">PREPRINT</subfield>
  </datafield>
</record>