
<record>
  
  
  <datafield tag="100" ind1=" " ind2=" ">
    <subfield code="a">Gillessen, Stefan</subfield>
  </datafield>
  <datafield tag="245" ind1=" " ind2=" ">
    <subfield code="a">Observations of the gas cloud G2 in the Galactic Center</subfield>
  </datafield>
  <datafield tag="260" ind1=" " ind2=" ">
    <subfield code="c">2013-12-16</subfield>
  </datafield>
  <datafield tag="520" ind1=" " ind2=" ">
    <subfield code="a">  In 2011, we discovered a compact gas cloud ("G2") with roughly three Earth
masses that is falling on a near-radial orbit toward the massive black hole in
the Galactic Center. The orbit is well constrained and pericenter passage is
predicted for early 2014. Our data beautifully show that G2 gets tidally
sheared apart due to the massive black hole's force. During the next months, we
expect that in addition to the tidal effects, hydrodynamics get important, when
G2 collides with the hot ambient gas around Sgr A*. Simulations show that
ultimately, the cloud's material might fall into the massive black hole.
Predictions for the accretion rate and luminosity evolution, however, are very
difficult due to the many unknowns. Nevertheless, this might be a unique
opportunity in the next years to observe how gas feeds a massive black hole in
a galactic nucleus.
</subfield>
  </datafield>
  <datafield tag="650" ind1="1" ind2="7">
    <subfield code="a">Astrophysics - Galaxy Astrophysics</subfield>
  </datafield>
  <datafield tag="655" ind1="7" ind2=" ">
    <subfield code="a">text</subfield>
  </datafield>
  <datafield tag="700" ind1=" " ind2=" ">
    <subfield code="a">Genzel, Reinhard</subfield>
  </datafield>
  <datafield tag="700" ind1=" " ind2=" ">
    <subfield code="a">Fritz, Tobias K.</subfield>
  </datafield>
  <datafield tag="700" ind1=" " ind2=" ">
    <subfield code="a">Eisenhauer, Frank</subfield>
  </datafield>
  <datafield tag="700" ind1=" " ind2=" ">
    <subfield code="a">Pfuhl, Oliver</subfield>
  </datafield>
  <datafield tag="700" ind1=" " ind2=" ">
    <subfield code="a">Ott, Thomas</subfield>
  </datafield>
  <datafield tag="700" ind1=" " ind2=" ">
    <subfield code="a">Burkert, Andreas</subfield>
  </datafield>
  <datafield tag="700" ind1=" " ind2=" ">
    <subfield code="a">Schartmann, Marc</subfield>
  </datafield>
  <datafield tag="700" ind1=" " ind2=" ">
    <subfield code="a">Ballone, Alessandro</subfield>
  </datafield>
  <datafield tag="035" ind1=" " ind2=" ">
    <subfield code="a">oai:arXiv.org:1312.4386</subfield>
    <subfield code="u">http://export.arxiv.org/oai2</subfield>
    <subfield code="9">http://export.arxiv.org/oai2</subfield>
    <subfield code="d">2013-12-17</subfield>
    <subfield code="h">2013-12-17T11:15:01Z</subfield>
    <subfield code="m"></subfield>
    <subfield code="t">false</subfield>
  </datafield>
  <datafield tag="980" ind1=" " ind2=" ">
    <subfield code="a">PREPRINT</subfield>
  </datafield>
</record>