
<record>
  
  
  <datafield tag="100" ind1=" " ind2=" ">
    <subfield code="a">Golge, Eren</subfield>
  </datafield>
  <datafield tag="245" ind1=" " ind2=" ">
    <subfield code="a">Rectifying Self Organizing Maps for Automatic Concept Learning from Web
  Images</subfield>
  </datafield>
  <datafield tag="260" ind1=" " ind2=" ">
    <subfield code="c">2013-12-16</subfield>
  </datafield>
  <datafield tag="520" ind1=" " ind2=" ">
    <subfield code="a">  We attack the problem of learning concepts automatically from noisy web image
search results. Going beyond low level attributes, such as colour and texture,
we explore weakly-labelled datasets for the learning of higher level concepts,
such as scene categories. The idea is based on discovering common
characteristics shared among subsets of images by posing a method that is able
to organise the data while eliminating irrelevant instances. We propose a novel
clustering and outlier detection method, namely Rectifying Self Organizing Maps
(RSOM). Given an image collection returned for a concept query, RSOM provides
clusters pruned from outliers. Each cluster is used to train a model
representing a different characteristics of the concept. The proposed method
outperforms the state-of-the-art studies on the task of learning low-level
concepts, and it is competitive in learning higher level concepts as well. It
is capable to work at large scale with no supervision through exploiting the
available sources.
</subfield>
  </datafield>
  <datafield tag="650" ind1="1" ind2="7">
    <subfield code="a">Computer Science - Computer Vision and Pattern Recognition</subfield>
  </datafield>
  <datafield tag="655" ind1="7" ind2=" ">
    <subfield code="a">text</subfield>
  </datafield>
  <datafield tag="700" ind1=" " ind2=" ">
    <subfield code="a">Duygulu, Pinar</subfield>
  </datafield>
  <datafield tag="035" ind1=" " ind2=" ">
    <subfield code="a">oai:arXiv.org:1312.4384</subfield>
    <subfield code="u">http://export.arxiv.org/oai2</subfield>
    <subfield code="9">http://export.arxiv.org/oai2</subfield>
    <subfield code="d">2013-12-17</subfield>
    <subfield code="h">2013-12-17T11:15:01Z</subfield>
    <subfield code="m"></subfield>
    <subfield code="t">false</subfield>
  </datafield>
  <datafield tag="980" ind1=" " ind2=" ">
    <subfield code="a">PREPRINT</subfield>
  </datafield>
</record>