
<record>
  
  
  <datafield tag="100" ind1=" " ind2=" ">
    <subfield code="a">Prieto, Faustino</subfield>
  </datafield>
  <datafield tag="245" ind1=" " ind2=" ">
    <subfield code="a">Modelling Road Accident Blackspots Data with the Discrete Generalized
  Pareto distribution</subfield>
  </datafield>
  <datafield tag="260" ind1=" " ind2=" ">
    <subfield code="c">2013-12-16</subfield>
  </datafield>
  <datafield tag="520" ind1=" " ind2=" ">
    <subfield code="a">  This study shows how road traffic networks events, in particular road
accidents on blackspots, can be modelled with simple probabilistic
distributions. We considered the number of accidents and the number of deaths
on Spanish blackspots in the period 2003-2007, from Spanish General Directorate
of Traffic (DGT). We modelled those datasets, respectively, with the discrete
generalized Pareto distribution (a discrete parametric model with three
parameters) and with the discrete Lomax distribution (a discrete parametric
model with two parameters, and particular case of the previous model). For
that, we analyzed the basic properties of both parametric models: cumulative
distribution, survival, probability mass, quantile and hazard functions,
genesis and rth-order moments; applied two estimation methods of their
parameters: the $\mu$ and ($\mu+1$) frequency method and the maximum likelihood
method; and used two goodness-of-fit tests: Chi-square test and discrete
Kolmogorov-Smirnov test based on bootstrap resampling. We found that those
probabilistic models can be useful to describe the road accident blackspots
datasets analyzed.
</subfield>
  </datafield>
  <datafield tag="650" ind1="1" ind2="7">
    <subfield code="a">Statistics - Applications</subfield>
  </datafield>
  <datafield tag="655" ind1="7" ind2=" ">
    <subfield code="a">text</subfield>
  </datafield>
  <datafield tag="700" ind1=" " ind2=" ">
    <subfield code="a">Gómez-Déniz, Emilio</subfield>
  </datafield>
  <datafield tag="700" ind1=" " ind2=" ">
    <subfield code="a">Sarabia, José María</subfield>
  </datafield>
  <datafield tag="035" ind1=" " ind2=" ">
    <subfield code="a">oai:arXiv.org:1312.4383</subfield>
    <subfield code="u">http://export.arxiv.org/oai2</subfield>
    <subfield code="9">http://export.arxiv.org/oai2</subfield>
    <subfield code="d">2013-12-17</subfield>
    <subfield code="h">2013-12-17T11:15:01Z</subfield>
    <subfield code="m"></subfield>
    <subfield code="t">false</subfield>
  </datafield>
  <datafield tag="980" ind1=" " ind2=" ">
    <subfield code="a">PREPRINT</subfield>
  </datafield>
</record>