
<record>
  
  
  <datafield tag="100" ind1=" " ind2=" ">
    <subfield code="a">Bidokhti, Shirin Saeedi</subfield>
  </datafield>
  <datafield tag="245" ind1=" " ind2=" ">
    <subfield code="a">Is Non-Unique Decoding Necessary?</subfield>
  </datafield>
  <datafield tag="260" ind1=" " ind2=" ">
    <subfield code="c">2013-12-16</subfield>
  </datafield>
  <datafield tag="520" ind1=" " ind2=" ">
    <subfield code="a">  In multi-terminal communication systems, signals carrying messages meant for
different destinations are often observed together at any given destination
receiver. Han and Kobayashi (1981) proposed a receiving strategy which performs
a joint unique decoding of messages of interest along with a subset of messages
which are not of interest. It is now well-known that this provides an
achievable region which is, in general, larger than if the receiver treats all
messages not of interest as noise. Nair and El Gamal (2009) and Chong, Motani,
Garg, and El Gamal (2008) independently proposed a generalization called
indirect or non-unique decoding where the receiver uses the codebook structure
of the messages to uniquely decode only its messages of interest. Non-unique
decoding has since been used in various scenarios.
  The main result in this paper is to provide an interpretation and a
systematic proof technique for why non-unique decoding, in all known cases
where it has been employed, can be replaced by a particularly designed joint
unique decoding strategy, without any penalty from a rate region viewpoint.
</subfield>
  </datafield>
  <datafield tag="650" ind1="1" ind2="7">
    <subfield code="a">Computer Science - Information Theory</subfield>
  </datafield>
  <datafield tag="655" ind1="7" ind2=" ">
    <subfield code="a">text</subfield>
  </datafield>
  <datafield tag="700" ind1=" " ind2=" ">
    <subfield code="a">Prabhakaran, Vinod M.</subfield>
  </datafield>
  <datafield tag="035" ind1=" " ind2=" ">
    <subfield code="a">oai:arXiv.org:1312.4378</subfield>
    <subfield code="u">http://export.arxiv.org/oai2</subfield>
    <subfield code="9">http://export.arxiv.org/oai2</subfield>
    <subfield code="d">2013-12-17</subfield>
    <subfield code="h">2013-12-17T11:15:01Z</subfield>
    <subfield code="m"></subfield>
    <subfield code="t">false</subfield>
  </datafield>
  <datafield tag="980" ind1=" " ind2=" ">
    <subfield code="a">PREPRINT</subfield>
  </datafield>
</record>