
<record>
  
  
  <datafield tag="100" ind1=" " ind2=" ">
    <subfield code="a">Huybrechs, Daan</subfield>
  </datafield>
  <datafield tag="245" ind1=" " ind2=" ">
    <subfield code="a">Zero distribution of complex orthogonal polynomials with respect to
  exponential weights</subfield>
  </datafield>
  <datafield tag="260" ind1=" " ind2=" ">
    <subfield code="c">2013-12-16</subfield>
  </datafield>
  <datafield tag="520" ind1=" " ind2=" ">
    <subfield code="a">  We study the limiting zero distribution of orthogonal polynomials with
respect to some particular exponential weights exp(-nV(z)) along contours in
the complex plane. We are especially interested in the question under which
circumstances the zeros of the orthogonal polynomials accumulate on a single
analytic arc (one cut case), and in which cases they do not. In a family of
cubic polynomial potentials V(z) = - iz^3/3 + iKz, we determine the precise
values of K for which we have the one cut case. We also prove the one cut case
for a monomial quintic V(z) = - iz^5/5 on a contour that is symmetric in the
imaginary axis.
</subfield>
  </datafield>
  <datafield tag="650" ind1="1" ind2="7">
    <subfield code="a">Mathematics - Classical Analysis and ODEs</subfield>
  </datafield>
  <datafield tag="655" ind1="7" ind2=" ">
    <subfield code="a">text</subfield>
  </datafield>
  <datafield tag="700" ind1=" " ind2=" ">
    <subfield code="a">Kuijlaars, Arno</subfield>
  </datafield>
  <datafield tag="700" ind1=" " ind2=" ">
    <subfield code="a">Lejon, Nele</subfield>
  </datafield>
  <datafield tag="035" ind1=" " ind2=" ">
    <subfield code="a">oai:arXiv.org:1312.4376</subfield>
    <subfield code="u">http://export.arxiv.org/oai2</subfield>
    <subfield code="9">http://export.arxiv.org/oai2</subfield>
    <subfield code="d">2013-12-17</subfield>
    <subfield code="h">2013-12-17T11:15:01Z</subfield>
    <subfield code="m"></subfield>
    <subfield code="t">false</subfield>
  </datafield>
  <datafield tag="980" ind1=" " ind2=" ">
    <subfield code="a">PREPRINT</subfield>
  </datafield>
</record>