
<record>
  
  
  <datafield tag="100" ind1=" " ind2=" ">
    <subfield code="a">Maezawa, Y.</subfield>
  </datafield>
  <datafield tag="245" ind1=" " ind2=" ">
    <subfield code="a">Meson screening masses at finite temperature with Highly Improved
  Staggered Quarks</subfield>
  </datafield>
  <datafield tag="260" ind1=" " ind2=" ">
    <subfield code="c">2013-12-16</subfield>
  </datafield>
  <datafield tag="520" ind1=" " ind2=" ">
    <subfield code="a">  We report on the first study of the screening properties of the mesonic
excitations with strange ($s$) and charm ($c$) quarks, specifically the ground
states of the pseudo-scalar and vector meson excitations for the $\bar{s}s$,
$\bar{s}c$ and $\bar{c}c$ flavor combinations, using the Highly Improved
Staggered Quark action with dynamical physical strange quark and
nearly-physical up and down quarks. By comparing with their respective vacuum
meson masses and by investigating the influence of the changing temporal
boundary conditions of the valence quarks we study the thermal modifications of
these mesonic excitations. While the $\bar{s}s$ states show significant
modifications even below the chiral crossover temperature $T_c$, the
modifications of the open-charm and charmonium like states become visible only
for temperatures $T\gtrsim T_c$ and $T\gtrsim1.2T_c$, respectively.
</subfield>
  </datafield>
  <datafield tag="650" ind1="1" ind2="7">
    <subfield code="a">High Energy Physics - Lattice</subfield>
  </datafield>
  <datafield tag="655" ind1="7" ind2=" ">
    <subfield code="a">text</subfield>
  </datafield>
  <datafield tag="700" ind1=" " ind2=" ">
    <subfield code="a">Bazavov, A.</subfield>
  </datafield>
  <datafield tag="700" ind1=" " ind2=" ">
    <subfield code="a">Karsch, F.</subfield>
  </datafield>
  <datafield tag="700" ind1=" " ind2=" ">
    <subfield code="a">Petreczky, P.</subfield>
  </datafield>
  <datafield tag="700" ind1=" " ind2=" ">
    <subfield code="a">Mukherjee, S.</subfield>
  </datafield>
  <datafield tag="035" ind1=" " ind2=" ">
    <subfield code="a">oai:arXiv.org:1312.4375</subfield>
    <subfield code="u">http://export.arxiv.org/oai2</subfield>
    <subfield code="9">http://export.arxiv.org/oai2</subfield>
    <subfield code="d">2013-12-17</subfield>
    <subfield code="h">2013-12-17T11:15:01Z</subfield>
    <subfield code="m"></subfield>
    <subfield code="t">false</subfield>
  </datafield>
  <datafield tag="980" ind1=" " ind2=" ">
    <subfield code="a">PREPRINT</subfield>
  </datafield>
</record>