
<record>
  
  
  <datafield tag="100" ind1=" " ind2=" ">
    <subfield code="a">Prokscha, T.</subfield>
  </datafield>
  <datafield tag="245" ind1=" " ind2=" ">
    <subfield code="a">Photo-induced persistent inversion of germanium in a 200-nm-deep surface
  region</subfield>
  </datafield>
  <datafield tag="260" ind1=" " ind2=" ">
    <subfield code="c">2013-12-16</subfield>
  </datafield>
  <datafield tag="520" ind1=" " ind2=" ">
    <subfield code="a">  The controlled manipulation of the charge carrier concentration in nanometer
thin layers is the basis of current semiconductor technology and of fundamental
importance for device applications. Here we show that it is possible to induce
a persistent inversion from n- to p-type in a 200-nm-thick surface layer of a
germanium wafer by illumination with white and blue light. We induce the
inversion with a half-life of ~12 hours at a temperature of 220 K which
disappears above 280 K. The photo-induced inversion is absent for a sample with
a 20-nm-thick gold capping layer providing a Schottky barrier at the interface.
This indicates that charge accumulation at the surface is essential to explain
the observed inversion. The contactless change of carrier concentration is
potentially interesting for device applications in opto-electronics where the
gate electrode and gate oxide could be replaced by the semiconductor surface.
</subfield>
  </datafield>
  <datafield tag="650" ind1="1" ind2="7">
    <subfield code="a">Condensed Matter - Materials Science</subfield>
  </datafield>
  <datafield tag="655" ind1="7" ind2=" ">
    <subfield code="a">text</subfield>
  </datafield>
  <datafield tag="700" ind1=" " ind2=" ">
    <subfield code="a">Chow, K. H.</subfield>
  </datafield>
  <datafield tag="700" ind1=" " ind2=" ">
    <subfield code="a">Stilp, E.</subfield>
  </datafield>
  <datafield tag="700" ind1=" " ind2=" ">
    <subfield code="a">Suter, A.</subfield>
  </datafield>
  <datafield tag="700" ind1=" " ind2=" ">
    <subfield code="a">Luetkens, H.</subfield>
  </datafield>
  <datafield tag="700" ind1=" " ind2=" ">
    <subfield code="a">Morenzoni, E.</subfield>
  </datafield>
  <datafield tag="700" ind1=" " ind2=" ">
    <subfield code="a">Nieuwenhuys, G. J.</subfield>
  </datafield>
  <datafield tag="700" ind1=" " ind2=" ">
    <subfield code="a">Salman, Z.</subfield>
  </datafield>
  <datafield tag="700" ind1=" " ind2=" ">
    <subfield code="a">Scheuermann, R.</subfield>
  </datafield>
  <datafield tag="035" ind1=" " ind2=" ">
    <subfield code="a">oai:arXiv.org:1312.4374</subfield>
    <subfield code="u">http://export.arxiv.org/oai2</subfield>
    <subfield code="9">http://export.arxiv.org/oai2</subfield>
    <subfield code="d">2013-12-17</subfield>
    <subfield code="h">2013-12-17T11:15:01Z</subfield>
    <subfield code="m"></subfield>
    <subfield code="t">false</subfield>
  </datafield>
  <datafield tag="980" ind1=" " ind2=" ">
    <subfield code="a">PREPRINT</subfield>
  </datafield>
</record>