
<record>
  
  
  <datafield tag="100" ind1=" " ind2=" ">
    <subfield code="a">Zotos, Euaggelos E.</subfield>
  </datafield>
  <datafield tag="245" ind1=" " ind2=" ">
    <subfield code="a">Revealing the influence of dark matter on the nature of motion and the
  families of orbits in axisymmetric galaxy models</subfield>
  </datafield>
  <datafield tag="260" ind1=" " ind2=" ">
    <subfield code="c">2013-12-16</subfield>
  </datafield>
  <datafield tag="520" ind1=" " ind2=" ">
    <subfield code="a">  An axially symmetric galactic gravitational model composed of a dense,
massive and spherical nucleus with an additional dark matter halo component was
used, to distinguish between the regular and chaotic character of orbits of
stars that move in the meridional plane (R,z). We investigated two different
cases: (i) a flat-disk galaxy (ii) an elliptical galaxy. It is of particular
interest to reveal how the portion of the dark matter inside the main body of
the galaxy influences the ordered or chaotic nature of motion. Varying the
ratio of dark matter to stellar mass, we monitored the evolution not only of
the percentage of chaotic orbits, but also of the percentages of orbits that
compose the main regular resonant families, by classifying regular orbits into
different families. Moreover we tried, to reveal how the starting position of
the parent periodic orbits of each regular family changes with respect to the
fractional portion of dark matter. We compared our results with previous
similar work.
</subfield>
  </datafield>
  <datafield tag="650" ind1="1" ind2="7">
    <subfield code="a">Astrophysics - Galaxy Astrophysics</subfield>
  </datafield>
  <datafield tag="655" ind1="7" ind2=" ">
    <subfield code="a">text</subfield>
  </datafield>
  <datafield tag="700" ind1=" " ind2=" ">
    <subfield code="a">Caranicolas, Nicolaos D.</subfield>
  </datafield>
  <datafield tag="035" ind1=" " ind2=" ">
    <subfield code="a">oai:arXiv.org:1312.4373</subfield>
    <subfield code="u">http://export.arxiv.org/oai2</subfield>
    <subfield code="9">http://export.arxiv.org/oai2</subfield>
    <subfield code="d">2013-12-17</subfield>
    <subfield code="h">2013-12-17T11:15:01Z</subfield>
    <subfield code="m"></subfield>
    <subfield code="t">false</subfield>
  </datafield>
  <datafield tag="980" ind1=" " ind2=" ">
    <subfield code="a">PREPRINT</subfield>
  </datafield>
</record>