
<record>
  
  
  <datafield tag="100" ind1=" " ind2=" ">
    <subfield code="a">Rath, Patrik</subfield>
  </datafield>
  <datafield tag="245" ind1=" " ind2=" ">
    <subfield code="a">Diamond Integrated Optomechanical Circuits</subfield>
  </datafield>
  <datafield tag="260" ind1=" " ind2=" ">
    <subfield code="c">2013-12-16</subfield>
  </datafield>
  <datafield tag="520" ind1=" " ind2=" ">
    <subfield code="a">  Diamond offers unique material advantages for the realization of micro- and
nanomechanical resonators due to its high Young's modulus, compatibility with
harsh environments and superior thermal properties. At the same time, the wide
electronic bandgap of 5.45eV makes diamond a suitable material for integrated
optics because of broadband transparency and the absence of free-carrier
absorption commonly encountered in silicon photonics. Here we take advantage of
both to engineer full-scale optomechanical circuits in diamond thin films. We
show that polycrystalline diamond films fabricated by chemical vapour
deposition provide a convenient waferscale substrate for the realization of
high quality nanophotonic devices. Using free-standing nanomechanical
resonators embedded in on-chip Mach-Zehnder interferometers, we demonstrate
efficient optomechanical transduction via gradient optical forces. Fabricated
diamond resonators reproducibly show high mechanical quality factors up to
11,200. Our low cost, wideband, carrier-free photonic circuits hold promise for
all-optical sensing and optomechanical signal processing at ultra-high
frequencies.
</subfield>
  </datafield>
  <datafield tag="650" ind1="1" ind2="7">
    <subfield code="a">Physics - Optics</subfield>
  </datafield>
  <datafield tag="655" ind1="7" ind2=" ">
    <subfield code="a">text</subfield>
  </datafield>
  <datafield tag="700" ind1=" " ind2=" ">
    <subfield code="a">Khasminskaya, Svetlana</subfield>
  </datafield>
  <datafield tag="700" ind1=" " ind2=" ">
    <subfield code="a">Nebel, Christoph</subfield>
  </datafield>
  <datafield tag="700" ind1=" " ind2=" ">
    <subfield code="a">Wild, Christoph</subfield>
  </datafield>
  <datafield tag="700" ind1=" " ind2=" ">
    <subfield code="a">Pernice, Wolfram H. P.</subfield>
  </datafield>
  <datafield tag="035" ind1=" " ind2=" ">
    <subfield code="a">oai:arXiv.org:1312.4371</subfield>
    <subfield code="u">http://export.arxiv.org/oai2</subfield>
    <subfield code="9">http://export.arxiv.org/oai2</subfield>
    <subfield code="d">2013-12-17</subfield>
    <subfield code="h">2013-12-17T11:15:01Z</subfield>
    <subfield code="m"></subfield>
    <subfield code="t">false</subfield>
  </datafield>
  <datafield tag="980" ind1=" " ind2=" ">
    <subfield code="a">PREPRINT</subfield>
  </datafield>
</record>