
<record>
  
  
  <datafield tag="100" ind1=" " ind2=" ">
    <subfield code="a">Dong, Daoyi</subfield>
  </datafield>
  <datafield tag="245" ind1=" " ind2=" ">
    <subfield code="a">Sampling-based Learning Control for Quantum Systems with Hamiltonian
  Uncertainties</subfield>
  </datafield>
  <datafield tag="260" ind1=" " ind2=" ">
    <subfield code="c">2013-12-16</subfield>
  </datafield>
  <datafield tag="520" ind1=" " ind2=" ">
    <subfield code="a">  Robust control design for quantum systems has been recognized as a key task
in the development of practical quantum technology. In this paper, we present a
systematic numerical methodology of sampling-based learning control (SLC) for
control design of quantum systems with Hamiltonian uncertainties. The SLC
method includes two steps of "training" and "testing and evaluation". In the
training step, an augmented system is constructed by sampling uncertainties
according to possible distributions of uncertainty parameters. A gradient flow
based learning and optimization algorithm is adopted to find the control for
the augmented system. In the process of testing and evaluation, a number of
samples obtained through sampling the uncertainties are tested to evaluate the
control performance. Numerical results demonstrate the success of the SLC
approach. The SLC method has potential applications for robust control design
of quantum systems.
</subfield>
  </datafield>
  <datafield tag="650" ind1="1" ind2="7">
    <subfield code="a">Computer Science - Systems and Control</subfield>
  </datafield>
  <datafield tag="655" ind1="7" ind2=" ">
    <subfield code="a">text</subfield>
  </datafield>
  <datafield tag="700" ind1=" " ind2=" ">
    <subfield code="a">Chen, Chunlin</subfield>
  </datafield>
  <datafield tag="700" ind1=" " ind2=" ">
    <subfield code="a">Long, Ruixing</subfield>
  </datafield>
  <datafield tag="700" ind1=" " ind2=" ">
    <subfield code="a">Qi, Bo</subfield>
  </datafield>
  <datafield tag="700" ind1=" " ind2=" ">
    <subfield code="a">Petersen, Ian R.</subfield>
  </datafield>
  <datafield tag="035" ind1=" " ind2=" ">
    <subfield code="a">oai:arXiv.org:1312.4370</subfield>
    <subfield code="u">http://export.arxiv.org/oai2</subfield>
    <subfield code="9">http://export.arxiv.org/oai2</subfield>
    <subfield code="d">2013-12-17</subfield>
    <subfield code="h">2013-12-17T11:15:01Z</subfield>
    <subfield code="m"></subfield>
    <subfield code="t">false</subfield>
  </datafield>
  <datafield tag="980" ind1=" " ind2=" ">
    <subfield code="a">PREPRINT</subfield>
  </datafield>
</record>