
<record>
  
  
  <datafield tag="100" ind1=" " ind2=" ">
    <subfield code="a">Colin, Rémy</subfield>
  </datafield>
  <datafield tag="245" ind1=" " ind2=" ">
    <subfield code="a">Rotational microrheology of Maxwell fluids using micron-sized wires</subfield>
  </datafield>
  <datafield tag="260" ind1=" " ind2=" ">
    <subfield code="c">2013-12-16</subfield>
  </datafield>
  <datafield tag="520" ind1=" " ind2=" ">
    <subfield code="a">  We demonstrate a simple method for rotational microrheology in complex
fluids, using micrometric wires. The three-dimensional rotational Brownian
motion of the wires suspended in Maxwell fluids is measured from their
projection on the focal plane of a microscope. We analyze the mean-squared
angular displacement of the wires of length between 1 and 40 microns. The
viscoelastic properties of the suspending fluids are extracted from this
analysis and found to be in good agreement with macrorheology data. Viscosities
of simple and complex fluids between 0.01 and 30 Pa.s could be measured. As for
the elastic modulus, values up to ~ 5 Pa could be determined. This simple
technique, allowing for a broad range of probed length scales, opens new
perspectives in microrheology of heterogeneous materials such as gels, glasses
and cells.
</subfield>
  </datafield>
  <datafield tag="650" ind1="1" ind2="7">
    <subfield code="a">Condensed Matter - Soft Condensed Matter</subfield>
  </datafield>
  <datafield tag="655" ind1="7" ind2=" ">
    <subfield code="a">text</subfield>
  </datafield>
  <datafield tag="700" ind1=" " ind2=" ">
    <subfield code="a">Chevry, Loudjy</subfield>
  </datafield>
  <datafield tag="700" ind1=" " ind2=" ">
    <subfield code="a">Berret, Jean-François</subfield>
  </datafield>
  <datafield tag="700" ind1=" " ind2=" ">
    <subfield code="a">Abou, Bérengère</subfield>
  </datafield>
  <datafield tag="035" ind1=" " ind2=" ">
    <subfield code="a">oai:arXiv.org:1312.4369</subfield>
    <subfield code="u">http://export.arxiv.org/oai2</subfield>
    <subfield code="9">http://export.arxiv.org/oai2</subfield>
    <subfield code="d">2013-12-17</subfield>
    <subfield code="h">2013-12-17T11:15:01Z</subfield>
    <subfield code="m"></subfield>
    <subfield code="t">false</subfield>
  </datafield>
  <datafield tag="980" ind1=" " ind2=" ">
    <subfield code="a">PREPRINT</subfield>
  </datafield>
</record>