
<record>
  
  
  <datafield tag="100" ind1=" " ind2=" ">
    <subfield code="a">Rubtsov, Grigory</subfield>
  </datafield>
  <datafield tag="245" ind1=" " ind2=" ">
    <subfield code="a">Prospective constraints on Lorentz violation from UHE photon detection</subfield>
  </datafield>
  <datafield tag="260" ind1=" " ind2=" ">
    <subfield code="c">2013-12-16</subfield>
  </datafield>
  <datafield tag="520" ind1=" " ind2=" ">
    <subfield code="a">  We point out that violation of Lorentz invariance affects the interaction of
high-energy photons with the Earth's atmosphere and magnetic field. In certain
parameter region this interaction becomes suppressed and the photons escape
observation passing through the atmosphere without producing air showers. We
argue that a detection of photon-induced air showers with energies above 10^19
eV, implying the absence of suppression as well as the absence of photon decay,
will put tight double-sided limits on Lorentz violation in the sector of
quantum electrodynamics. These constraints will be by several orders of
magnitude stronger than the existing ones and will be robust against any
assumptions about the astrophysical origin of the detected photons.
</subfield>
  </datafield>
  <datafield tag="650" ind1="1" ind2="7">
    <subfield code="a">Astrophysics - High Energy Astrophysical Phenomena</subfield>
  </datafield>
  <datafield tag="655" ind1="7" ind2=" ">
    <subfield code="a">text</subfield>
  </datafield>
  <datafield tag="700" ind1=" " ind2=" ">
    <subfield code="a">Satunin, Petr</subfield>
  </datafield>
  <datafield tag="700" ind1=" " ind2=" ">
    <subfield code="a">Sibiryakov, Sergey</subfield>
  </datafield>
  <datafield tag="035" ind1=" " ind2=" ">
    <subfield code="a">oai:arXiv.org:1312.4368</subfield>
    <subfield code="u">http://export.arxiv.org/oai2</subfield>
    <subfield code="9">http://export.arxiv.org/oai2</subfield>
    <subfield code="d">2013-12-17</subfield>
    <subfield code="h">2013-12-17T11:15:01Z</subfield>
    <subfield code="m"></subfield>
    <subfield code="t">false</subfield>
  </datafield>
  <datafield tag="980" ind1=" " ind2=" ">
    <subfield code="a">PREPRINT</subfield>
  </datafield>
</record>