
<record>
  
  
  <datafield tag="100" ind1=" " ind2=" ">
    <subfield code="a">Bugaev, K. A.</subfield>
  </datafield>
  <datafield tag="245" ind1=" " ind2=" ">
    <subfield code="a">Non-smooth Chemical Freeze-out and Apparent Width of Wide Resonances and
  Quark Gluon Bags in a Thermal Environment</subfield>
  </datafield>
  <datafield tag="260" ind1=" " ind2=" ">
    <subfield code="c">2013-12-16</subfield>
  </datafield>
  <datafield tag="520" ind1=" " ind2=" ">
    <subfield code="a">  Here we develop the hadron resonance gas model with the Gaussian mass
attenuation. This model allows us to treat the usual hadrons and the quark
gluon bags on the same footing and to study the stability of the results
obtained within different formulations of the hadron resonance gas model. In
this work we perform a successful fit of hadronic multiplicity ratios measured
for the center of mass energies \sqrt{s_{NN} = 2.7-200 GeV. Also we demonstrate
that in a narrow range of collision energy \sqrt{s_{NN}} = 4.3-4.9 GeV there
exist the peculiar irregularities in various thermodynamic quantities
calculated at chemical freeze-out. The most remarkable irregularity is an
unprecedented jump of the number of effective degrees of freedom observed in
this narrow energy range which is seen in all realistic versions of the hadron
resonance gas model. Therefore, the developed concept is called the non-smooth
chemical freeze-out. We are arguing that these irregularities evidence for the
possible formation of quark gluon bags. In order to develop other possible
signals of their formation here we study the apparent width of wide hadronic
resonances and quark gluon bags in a thermal environment. Two new effects
generated for the wide resonances and quark gluon bags by a thermal medium are
discussed here: the near threshold thermal resonance enhancement and the near
threshold resonance sharpening. On the basis of these effects we argue that the
most optimistic chance to find experimentally the quark gluon bags may be
related to their sharpening and enhancement in a thermal medium. In this case
the wide quark gluon bags may appear directly or in decays as narrow resonances
that are absent in the tables of elementary particles and that have the width
about 50-120 MeV and the mass about or above 2.5 GeV.
</subfield>
  </datafield>
  <datafield tag="650" ind1="1" ind2="7">
    <subfield code="a">Nuclear Theory</subfield>
  </datafield>
  <datafield tag="655" ind1="7" ind2=" ">
    <subfield code="a">text</subfield>
  </datafield>
  <datafield tag="700" ind1=" " ind2=" ">
    <subfield code="a">Ivanytskyi, A. I.</subfield>
  </datafield>
  <datafield tag="700" ind1=" " ind2=" ">
    <subfield code="a">Oliinychenko, D. R.</subfield>
  </datafield>
  <datafield tag="700" ind1=" " ind2=" ">
    <subfield code="a">Nikonov, E. G.</subfield>
  </datafield>
  <datafield tag="700" ind1=" " ind2=" ">
    <subfield code="a">Sagun, V. V.</subfield>
  </datafield>
  <datafield tag="700" ind1=" " ind2=" ">
    <subfield code="a">Zinovjev, G. M.</subfield>
  </datafield>
  <datafield tag="035" ind1=" " ind2=" ">
    <subfield code="a">oai:arXiv.org:1312.4367</subfield>
    <subfield code="u">http://export.arxiv.org/oai2</subfield>
    <subfield code="9">http://export.arxiv.org/oai2</subfield>
    <subfield code="d">2013-12-17</subfield>
    <subfield code="h">2013-12-17T11:15:01Z</subfield>
    <subfield code="m"></subfield>
    <subfield code="t">false</subfield>
  </datafield>
  <datafield tag="980" ind1=" " ind2=" ">
    <subfield code="a">PREPRINT</subfield>
  </datafield>
</record>