
<record>
  
  
  <datafield tag="100" ind1=" " ind2=" ">
    <subfield code="a">Kubokawa, Tatsuya</subfield>
  </datafield>
  <datafield tag="245" ind1=" " ind2=" ">
    <subfield code="a">Dominance properties of constrained Bayes and empirical Bayes estimators</subfield>
  </datafield>
  <datafield tag="260" ind1=" " ind2=" ">
    <subfield code="c">2013-12-16</subfield>
  </datafield>
  <datafield tag="520" ind1=" " ind2=" ">
    <subfield code="a">  This paper studies decision theoretic properties of benchmarked estimators
which are of some importance in small area estimation problems. Benchmarking is
intended to improve certain aggregate properties (such as study-wide averages)
when model based estimates have been applied to individual small areas. We
study decision-theoretic properties of such estimators by reducing the problem
to one of studying these problems in a related derived problem. For certain
such problems, we show that unconstrained solutions in the original
(unbenchmarked) problem give unconstrained Bayes and improved estimators which
automatically satisfy the benchmark constraint. Also, dominance properties of
constrained empirical Bayes estimators are shown in the Fay-Herriot model, a
frequently used model in small area estimation.
</subfield>
  </datafield>
  <datafield tag="650" ind1="1" ind2="7">
    <subfield code="a">Mathematics - Statistics Theory</subfield>
  </datafield>
  <datafield tag="655" ind1="7" ind2=" ">
    <subfield code="a">text</subfield>
  </datafield>
  <datafield tag="700" ind1=" " ind2=" ">
    <subfield code="a">Strawderman, William E.</subfield>
  </datafield>
  <datafield tag="035" ind1=" " ind2=" ">
    <subfield code="a">oai:arXiv.org:1312.4366</subfield>
    <subfield code="u">http://export.arxiv.org/oai2</subfield>
    <subfield code="9">http://export.arxiv.org/oai2</subfield>
    <subfield code="d">2013-12-17</subfield>
    <subfield code="h">2013-12-17T11:15:01Z</subfield>
    <subfield code="m"></subfield>
    <subfield code="t">false</subfield>
  </datafield>
  <datafield tag="980" ind1=" " ind2=" ">
    <subfield code="a">PREPRINT</subfield>
  </datafield>
</record>