
<record>
  
  
  <datafield tag="100" ind1=" " ind2=" ">
    <subfield code="a">Luda, Marcelo Alejandro</subfield>
  </datafield>
  <datafield tag="245" ind1=" " ind2=" ">
    <subfield code="a">Manipulating Transverse Modes of Photons for Quantum Cryptography</subfield>
  </datafield>
  <datafield tag="260" ind1=" " ind2=" ">
    <subfield code="c">2013-12-16</subfield>
  </datafield>
  <datafield tag="520" ind1=" " ind2=" ">
    <subfield code="a">  Several schemes have been proposed to extend Quantum Key Distribution
protocols aiming at improving their security or at providing new physical
substrates for qubit implementation. We present a toolbox to jointly create,
manipulate and measure qubits stored in polarization and transverse-modes
degrees of freedom of single photons. The toolbox includes local operations on
single qubits, controlled operations between the two qubits and projective
measurements over a wide variety of non-local bases in the four dimensional
space of states. We describe how to implement the toolbox to perform an
extended version of the BB84 protocol for this Hilbert space (ideally
transmitting two key bits per photon). We present the experimental
implementation of the measurement scheme both in the regimes of intense light
beams and with single photons. Thus, we show the feasibility of implementing
the protocol providing an interesting example of a new method for quantum
information processing using the polarization and transverse modes of light as
qubits.
</subfield>
  </datafield>
  <datafield tag="650" ind1="1" ind2="7">
    <subfield code="a">Quantum Physics</subfield>
  </datafield>
  <datafield tag="655" ind1="7" ind2=" ">
    <subfield code="a">text</subfield>
  </datafield>
  <datafield tag="700" ind1=" " ind2=" ">
    <subfield code="a">Larotonda, Miguel Antonio</subfield>
  </datafield>
  <datafield tag="700" ind1=" " ind2=" ">
    <subfield code="a">Paz, Juan Pablo</subfield>
  </datafield>
  <datafield tag="700" ind1=" " ind2=" ">
    <subfield code="a">Schmiegelow, Christian Tomás</subfield>
  </datafield>
  <datafield tag="035" ind1=" " ind2=" ">
    <subfield code="a">oai:arXiv.org:1312.4365</subfield>
    <subfield code="u">http://export.arxiv.org/oai2</subfield>
    <subfield code="9">http://export.arxiv.org/oai2</subfield>
    <subfield code="d">2013-12-17</subfield>
    <subfield code="h">2013-12-17T11:15:01Z</subfield>
    <subfield code="m"></subfield>
    <subfield code="t">false</subfield>
  </datafield>
  <datafield tag="980" ind1=" " ind2=" ">
    <subfield code="a">PREPRINT</subfield>
  </datafield>
</record>