
<record>
  
  
  <datafield tag="100" ind1=" " ind2=" ">
    <subfield code="a">Vasiliev, E. O.</subfield>
  </datafield>
  <datafield tag="245" ind1=" " ind2=" ">
    <subfield code="a">Extended OVI haloes of starforming galaxies</subfield>
  </datafield>
  <datafield tag="260" ind1=" " ind2=" ">
    <subfield code="c">2013-12-16</subfield>
  </datafield>
  <datafield tag="520" ind1=" " ind2=" ">
    <subfield code="a">  We consider evolution of metal-enriched gas exposed to a superposition of
time-dependent radiation field of a nearby starburst galaxy and nearly
invariant (on timescales 100 Myr) extragalactic ionization background. We study
the evolution of ionic species (particularly those commonly observed in
galactic circumference) depending on the galactic mass and star formation rate,
and derive conditions for the highly ionized oxygen OVI to appear in extended
galactic haloes in absorption or emission spectra. We have found that the
maximum OVI fraction can reach $\sim 0.4-0.6$ under the action of both the
ionizing radiation field from the galaxy, and the extragalactic background, and
remains high in a wide temperature range. This circumstance can explain high
column densities of OVI (${\rm N(OVI)} \sim 10^{14.5 - 15.3}$ cm$^{-2}$)
observed in the haloes of staforming galaxies by Tumlinson etal (2011} even for
a relatively low ($\sim 0.1~Z_\odot$) metallicity. As a result, the
requirements to the sources of oxygen in the extended haloes relax to a
reasonably conservative level.
</subfield>
  </datafield>
  <datafield tag="650" ind1="1" ind2="7">
    <subfield code="a">Astrophysics - Cosmology and Extragalactic Astrophysics</subfield>
  </datafield>
  <datafield tag="655" ind1="7" ind2=" ">
    <subfield code="a">text</subfield>
  </datafield>
  <datafield tag="700" ind1=" " ind2=" ">
    <subfield code="a">Ryabova, M. V.</subfield>
  </datafield>
  <datafield tag="700" ind1=" " ind2=" ">
    <subfield code="a">Shchekinov, Yu. A.</subfield>
  </datafield>
  <datafield tag="035" ind1=" " ind2=" ">
    <subfield code="a">oai:arXiv.org:1312.4364</subfield>
    <subfield code="u">http://export.arxiv.org/oai2</subfield>
    <subfield code="9">http://export.arxiv.org/oai2</subfield>
    <subfield code="d">2013-12-17</subfield>
    <subfield code="h">2013-12-17T11:15:01Z</subfield>
    <subfield code="m"></subfield>
    <subfield code="t">false</subfield>
  </datafield>
  <datafield tag="980" ind1=" " ind2=" ">
    <subfield code="a">PREPRINT</subfield>
  </datafield>
</record>