
<record>
  
  
  <datafield tag="100" ind1=" " ind2=" ">
    <subfield code="a">Strangio, Maurizio Adriano</subfield>
  </datafield>
  <datafield tag="245" ind1=" " ind2=" ">
    <subfield code="a">On the Security of Wang's Provably Secure Identity-based Key Agreement
  Protocol</subfield>
  </datafield>
  <datafield tag="260" ind1=" " ind2=" ">
    <subfield code="c">2013-12-16</subfield>
  </datafield>
  <datafield tag="520" ind1=" " ind2=" ">
    <subfield code="a">  In a 2005 IACR report, Wang published an efficient identity-based key
agreement protocol (IDAK) suitable for resource constrained devices.
  The author shows that the IDAK key agreement protocol is secure in the
Bellare-Rogaway model with random oracles and also provides separate ad-hoc
security proofs claiming that the IDAK protocol is not vulnerable to Key
Compromise Impersonation attacks and also enjoys Perfect Forward Secrecy (PFS).
  In this report, we review the security properties of the protocol and point
out that it is vulnerable to Unknown Key Share attacks. Although such attacks
are often difficult to setup in a real world environment they are nevertheless
interesting from a theoretical point of view so we provide a version of the
protocol that fixes the problem in a standard way. We also provide a security
proof of the IDAK protocol based on the Gap Bilinear Diffie Hellman and random
oracle assumptions in the stronger extended Canetti-Krawczyk security model of
distributed computing.
</subfield>
  </datafield>
  <datafield tag="650" ind1="1" ind2="7">
    <subfield code="a">Computer Science - Cryptography and Security</subfield>
  </datafield>
  <datafield tag="655" ind1="7" ind2=" ">
    <subfield code="a">text</subfield>
  </datafield>
  <datafield tag="035" ind1=" " ind2=" ">
    <subfield code="a">oai:arXiv.org:1312.4363</subfield>
    <subfield code="u">http://export.arxiv.org/oai2</subfield>
    <subfield code="9">http://export.arxiv.org/oai2</subfield>
    <subfield code="d">2013-12-17</subfield>
    <subfield code="h">2013-12-17T11:15:01Z</subfield>
    <subfield code="m"></subfield>
    <subfield code="t">false</subfield>
  </datafield>
  <datafield tag="980" ind1=" " ind2=" ">
    <subfield code="a">PREPRINT</subfield>
  </datafield>
</record>