
<record>
  
  
  <datafield tag="100" ind1=" " ind2=" ">
    <subfield code="a">Bordbar, G. H.</subfield>
  </datafield>
  <datafield tag="245" ind1=" " ind2=" ">
    <subfield code="a">Hot Spin Polarized Strange Quark Stars in the Presence of Magnetic Field
  using a density dependent bag constant</subfield>
  </datafield>
  <datafield tag="260" ind1=" " ind2=" ">
    <subfield code="c">2013-12-16</subfield>
  </datafield>
  <datafield tag="520" ind1=" " ind2=" ">
    <subfield code="a">  The effect of magnetic field on the structure properties of hot spin
polarized strange quark stars has been investigated. For this purpose, we use
the MIT bag model with a density dependent bag constant to calculate the
thermodynamic properties of spin polarized strange quark matter such as energy
and equation of state. We see that the energy and equation of state of strange
quark matter changes significantly in a strong magnetic field. Finally, using
our equation of state, we compute the structure of spin polarized strange quark
star at different temperatures and magnetic fields.
</subfield>
  </datafield>
  <datafield tag="650" ind1="1" ind2="7">
    <subfield code="a">Astrophysics - Solar and Stellar Astrophysics</subfield>
  </datafield>
  <datafield tag="655" ind1="7" ind2=" ">
    <subfield code="a">text</subfield>
  </datafield>
  <datafield tag="700" ind1=" " ind2=" ">
    <subfield code="a">Alizade, Z.</subfield>
  </datafield>
  <datafield tag="035" ind1=" " ind2=" ">
    <subfield code="a">oai:arXiv.org:1312.4362</subfield>
    <subfield code="u">http://export.arxiv.org/oai2</subfield>
    <subfield code="9">http://export.arxiv.org/oai2</subfield>
    <subfield code="d">2013-12-17</subfield>
    <subfield code="h">2013-12-17T11:15:01Z</subfield>
    <subfield code="m"></subfield>
    <subfield code="t">false</subfield>
  </datafield>
  <datafield tag="980" ind1=" " ind2=" ">
    <subfield code="a">PREPRINT</subfield>
  </datafield>
</record>