
<record>
  
  
  <datafield tag="100" ind1=" " ind2=" ">
    <subfield code="a">Matculevich, Svetlana</subfield>
  </datafield>
  <datafield tag="245" ind1=" " ind2=" ">
    <subfield code="a">A posteriori error estimates for time-dependent reaction-diffusion
  problems based on the Payne-Weinberger inequality</subfield>
  </datafield>
  <datafield tag="260" ind1=" " ind2=" ">
    <subfield code="c">2013-12-16</subfield>
  </datafield>
  <datafield tag="520" ind1=" " ind2=" ">
    <subfield code="a">  We consider evolutionary reaction-diffusion problem with mixed
Dirichlet--Robin boundary conditions. For this class of problems, we derive
two-sided estimates of the distance between any function in the admissible
energy space and exact solution of the problem. The estimates (majorants and
minorants) are explicitly computable and do not contain unknown functions or
constants. Moreover, it is proved that the estimates are equivalent to the
energy norm of the deviation from the exact solution.
</subfield>
  </datafield>
  <datafield tag="650" ind1="1" ind2="7">
    <subfield code="a">Mathematics - Numerical Analysis</subfield>
  </datafield>
  <datafield tag="655" ind1="7" ind2=" ">
    <subfield code="a">text</subfield>
  </datafield>
  <datafield tag="700" ind1=" " ind2=" ">
    <subfield code="a">Neittaanmäki, Pekka</subfield>
  </datafield>
  <datafield tag="700" ind1=" " ind2=" ">
    <subfield code="a">Repin, Sergey</subfield>
  </datafield>
  <datafield tag="035" ind1=" " ind2=" ">
    <subfield code="a">oai:arXiv.org:1312.4361</subfield>
    <subfield code="u">http://export.arxiv.org/oai2</subfield>
    <subfield code="9">http://export.arxiv.org/oai2</subfield>
    <subfield code="d">2013-12-17</subfield>
    <subfield code="h">2013-12-17T11:15:01Z</subfield>
    <subfield code="m"></subfield>
    <subfield code="t">false</subfield>
  </datafield>
  <datafield tag="980" ind1=" " ind2=" ">
    <subfield code="a">PREPRINT</subfield>
  </datafield>
</record>