
<record>
  
  
  <datafield tag="100" ind1=" " ind2=" ">
    <subfield code="a">Wu, Ya-Jie</subfield>
  </datafield>
  <datafield tag="245" ind1=" " ind2=" ">
    <subfield code="a">Topological Mid-gap States of Topological Insulators with
  Flux-Superlattice</subfield>
  </datafield>
  <datafield tag="260" ind1=" " ind2=" ">
    <subfield code="c">2013-12-16</subfield>
  </datafield>
  <datafield tag="520" ind1=" " ind2=" ">
    <subfield code="a">  In this paper based on the Haldane model, we study the topological insulator
with superlattice of pi-fluxes. We find that there exist the mid-gap states
induced by the flux-superlattice. In particular, the mid-gap states have
nontrivial topological properties, including the nonzero Chern number and the
gapless edge states. We derive an effective tight-binding model to describe the
topological midgap states and then study the mid-gap states by the effective
tight-binding model. The results can be straightforwardly generalized to other
two dimensional topological insulators with flux-superlattice.
</subfield>
  </datafield>
  <datafield tag="650" ind1="1" ind2="7">
    <subfield code="a">Condensed Matter - Strongly Correlated Electrons</subfield>
  </datafield>
  <datafield tag="655" ind1="7" ind2=" ">
    <subfield code="a">text</subfield>
  </datafield>
  <datafield tag="700" ind1=" " ind2=" ">
    <subfield code="a">He, Jing</subfield>
  </datafield>
  <datafield tag="700" ind1=" " ind2=" ">
    <subfield code="a">Kou, Su-Peng</subfield>
  </datafield>
  <datafield tag="035" ind1=" " ind2=" ">
    <subfield code="a">oai:arXiv.org:1312.4360</subfield>
    <subfield code="u">http://export.arxiv.org/oai2</subfield>
    <subfield code="9">http://export.arxiv.org/oai2</subfield>
    <subfield code="d">2013-12-17</subfield>
    <subfield code="h">2013-12-17T11:15:01Z</subfield>
    <subfield code="m"></subfield>
    <subfield code="t">false</subfield>
  </datafield>
  <datafield tag="980" ind1=" " ind2=" ">
    <subfield code="a">PREPRINT</subfield>
  </datafield>
</record>