
<record>
  
  
  <datafield tag="100" ind1=" " ind2=" ">
    <subfield code="a">Venkatesan, R. C.</subfield>
  </datafield>
  <datafield tag="245" ind1=" " ind2=" ">
    <subfield code="a">Legendre transform structure and extremal properties of the relative
  Fisher information</subfield>
  </datafield>
  <datafield tag="260" ind1=" " ind2=" ">
    <subfield code="c">2013-12-16</subfield>
  </datafield>
  <datafield tag="520" ind1=" " ind2=" ">
    <subfield code="a">  Variational extremization of both, the regular form and the Dirichlet form of
the relative Fisher information (RFI, hereafter), is performed. Reciprocity
relations, akin to those of thermodynamics, are derived, employing the extremal
results of the Dirichlet form of the RFI expressed in terms of probability
amplitudes. The concomitant Legendre transform structure is developed by
utilizing a generalized RFI-Euler theorem, which shows that the entire
structure of thermodynamics translates into the RFI framework, both for
equilibrium and non-equilibrium cases. The qualitatively distinct nature of the
present results \textit{vis-\'{a}-vis} those of prior studies utilizing the
Shannon entropy and/or the Fisher information measure is discussed. In this
context, the variational extremization of the regular form of the RFI is
briefly discussed.
</subfield>
  </datafield>
  <datafield tag="650" ind1="1" ind2="7">
    <subfield code="a">Condensed Matter - Statistical Mechanics</subfield>
  </datafield>
  <datafield tag="655" ind1="7" ind2=" ">
    <subfield code="a">text</subfield>
  </datafield>
  <datafield tag="700" ind1=" " ind2=" ">
    <subfield code="a">Plastino, A.</subfield>
  </datafield>
  <datafield tag="035" ind1=" " ind2=" ">
    <subfield code="a">oai:arXiv.org:1312.4359</subfield>
    <subfield code="u">http://export.arxiv.org/oai2</subfield>
    <subfield code="9">http://export.arxiv.org/oai2</subfield>
    <subfield code="d">2013-12-17</subfield>
    <subfield code="h">2013-12-17T11:15:01Z</subfield>
    <subfield code="m"></subfield>
    <subfield code="t">false</subfield>
  </datafield>
  <datafield tag="980" ind1=" " ind2=" ">
    <subfield code="a">PREPRINT</subfield>
  </datafield>
</record>