
<record>
  
  
  <datafield tag="100" ind1=" " ind2=" ">
    <subfield code="a">Bardet, Magali</subfield>
  </datafield>
  <datafield tag="245" ind1=" " ind2=" ">
    <subfield code="a">On the degree of the polynomial defining a planar algebraic curves of
  constant width</subfield>
  </datafield>
  <datafield tag="260" ind1=" " ind2=" ">
    <subfield code="c">2013-12-16</subfield>
  </datafield>
  <datafield tag="520" ind1=" " ind2=" ">
    <subfield code="a">  In this paper, we consider a family of closed planar algebraic curves
$\mathcal{C}$ which are given in parametrization form via a trigonometric
polynomial $p$. When $\mathcal{C}$ is the boundary of a compact convex set, the
polynomial $p$ represents the support function of this set. Our aim is to
examine properties of the degree of the defining polynomial of this family of
curves in terms of the degree of $p$. Thanks to the theory of elimination, we
compute the total degree and the partial degrees of this polynomial, and we
solve in addition a question raised by Rabinowitz in \cite{Rabi} on the lowest
degree polynomial whose graph is a non-circular curve of constant width.
Computations of partial degrees of the defining polynomial of algebraic
surfaces of constant width are also provided in the same way.
</subfield>
  </datafield>
  <datafield tag="650" ind1="1" ind2="7">
    <subfield code="a">Mathematics - Algebraic Geometry</subfield>
  </datafield>
  <datafield tag="655" ind1="7" ind2=" ">
    <subfield code="a">text</subfield>
  </datafield>
  <datafield tag="700" ind1=" " ind2=" ">
    <subfield code="a">Bayen, Térence</subfield>
  </datafield>
  <datafield tag="035" ind1=" " ind2=" ">
    <subfield code="a">oai:arXiv.org:1312.4358</subfield>
    <subfield code="u">http://export.arxiv.org/oai2</subfield>
    <subfield code="9">http://export.arxiv.org/oai2</subfield>
    <subfield code="d">2013-12-17</subfield>
    <subfield code="h">2013-12-17T11:15:01Z</subfield>
    <subfield code="m"></subfield>
    <subfield code="t">false</subfield>
  </datafield>
  <datafield tag="980" ind1=" " ind2=" ">
    <subfield code="a">PREPRINT</subfield>
  </datafield>
</record>