
<record>
  
  
  <datafield tag="100" ind1=" " ind2=" ">
    <subfield code="a">Minazzoli, Olivier</subfield>
  </datafield>
  <datafield tag="245" ind1=" " ind2=" ">
    <subfield code="a">On the cosmic convergence mechanism of the massless dilaton</subfield>
  </datafield>
  <datafield tag="260" ind1=" " ind2=" ">
    <subfield code="c">2013-12-16</subfield>
  </datafield>
  <datafield tag="520" ind1=" " ind2=" ">
    <subfield code="a">  The converging mechanism discussed in [Damour $\&amp;$ Nordtvedt, Physical Review
Letters,70,15] for scalar-tensor theories has been applied to dilaton-like
theories in several subsequent papers. In the present communication, we show
that an unfortunate assumption in those studies led to a scalar-field equation
unsuitable for the study of the dilaton field. The corrected scalar-field
equation turns to change the numerical outcome of those studies in general, but
even sometimes their qualitative aftermath. Therefore, the present result call
for new investigations of the subject. On the other hand, our result shows that
the string-inspired theory presented in [Minazzoli $\&amp;$ Hees, Physical Review
D,88,4] is naturally solution to the problem of the effective constancy of the
fundamental coupling constants at late cosmic times, while it requires less
fine-tuning than other massless dilaton or usual stalar-tensor theories.
</subfield>
  </datafield>
  <datafield tag="650" ind1="1" ind2="7">
    <subfield code="a">General Relativity and Quantum Cosmology</subfield>
  </datafield>
  <datafield tag="655" ind1="7" ind2=" ">
    <subfield code="a">text</subfield>
  </datafield>
  <datafield tag="035" ind1=" " ind2=" ">
    <subfield code="a">oai:arXiv.org:1312.4357</subfield>
    <subfield code="u">http://export.arxiv.org/oai2</subfield>
    <subfield code="9">http://export.arxiv.org/oai2</subfield>
    <subfield code="d">2013-12-17</subfield>
    <subfield code="h">2013-12-17T11:15:01Z</subfield>
    <subfield code="m"></subfield>
    <subfield code="t">false</subfield>
  </datafield>
  <datafield tag="980" ind1=" " ind2=" ">
    <subfield code="a">PREPRINT</subfield>
  </datafield>
</record>