
<record>
  
  
  <datafield tag="100" ind1=" " ind2=" ">
    <subfield code="a">Gangl, Peter</subfield>
  </datafield>
  <datafield tag="245" ind1=" " ind2=" ">
    <subfield code="a">Topology Optimization of Electric Machines based on Topological
  Sensitivity Analysis</subfield>
  </datafield>
  <datafield tag="260" ind1=" " ind2=" ">
    <subfield code="c">2013-12-16</subfield>
  </datafield>
  <datafield tag="520" ind1=" " ind2=" ">
    <subfield code="a">  Topological sensitivities are a very useful tool for determining optimal
designs. The topological derivative of a domain-dependent functional represents
the sensitivity with respect to the insertion of an in?nitesimally small hole.
In the gradient-based ON/OFF method, proposed by M. Ohtake, Y. Okamoto and N.
Takahashi in 2005, sensitivities of the functional with respect to a local
variation of the material coe?cient are considered. We show that, in the case
of a linear state equation, these two kinds of sensitivities coincide. For the
sensitivities computed in the ON/OFF method, the generalization to the case of
a nonlinear state equation is straightforward, whereas the computation of
topological derivatives in the nonlinear case is ongoing work. We will show
numerical results obtained by applying the ON/OFF method in the nonlinear case
to the optimization of an electric motor.
</subfield>
  </datafield>
  <datafield tag="650" ind1="1" ind2="7">
    <subfield code="a">Mathematics - Optimization and Control</subfield>
  </datafield>
  <datafield tag="655" ind1="7" ind2=" ">
    <subfield code="a">text</subfield>
  </datafield>
  <datafield tag="700" ind1=" " ind2=" ">
    <subfield code="a">Langer, Ulrich</subfield>
  </datafield>
  <datafield tag="035" ind1=" " ind2=" ">
    <subfield code="a">oai:arXiv.org:1312.4356</subfield>
    <subfield code="u">http://export.arxiv.org/oai2</subfield>
    <subfield code="9">http://export.arxiv.org/oai2</subfield>
    <subfield code="d">2013-12-17</subfield>
    <subfield code="h">2013-12-17T11:15:01Z</subfield>
    <subfield code="m"></subfield>
    <subfield code="t">false</subfield>
  </datafield>
  <datafield tag="980" ind1=" " ind2=" ">
    <subfield code="a">PREPRINT</subfield>
  </datafield>
</record>