
<record>
  
  
  <datafield tag="100" ind1=" " ind2=" ">
    <subfield code="a">Alonso-Herrero, Almudena</subfield>
  </datafield>
  <datafield tag="245" ind1=" " ind2=" ">
    <subfield code="a">A mid-infrared exploration of the dusty environments of active galactic
  nuclei</subfield>
  </datafield>
  <datafield tag="260" ind1=" " ind2=" ">
    <subfield code="c">2013-12-16</subfield>
  </datafield>
  <datafield tag="520" ind1=" " ind2=" ">
    <subfield code="a">  We present the first results from a mid-infrared survey of local Active
Galactic Nuclei (AGN) using the CanariCam (CC) instrument on the 10.4m Gran
Telescopio Canarias (GTC). We are obtaining sub-arcsecond angular resolution
(0.3-0.6 arcsec) mid-IR imaging and spectroscopic observations of a sample of
100 local AGN, which are complemented with data taken with T-ReCS, VISIR, and
Michelle. The full sample contains approximately 140 AGN, covers nearly six
orders of magnitude in AGN luminosity, and includes low-luminosity AGN (LLAGN),
Seyfert 1s and 2s, QSO, radio galaxies, and (U)LIRGs. The main goals of this
project are: (1) to test whether the properties of the dusty tori of the AGN
Unified Model depend on the AGN type, (2) to study the nuclear star formation
activity and obscuration of local AGN, and (3) to explore the role of the dusty
torus in LLAGN.
</subfield>
  </datafield>
  <datafield tag="650" ind1="1" ind2="7">
    <subfield code="a">Astrophysics - High Energy Astrophysical Phenomena</subfield>
  </datafield>
  <datafield tag="655" ind1="7" ind2=" ">
    <subfield code="a">text</subfield>
  </datafield>
  <datafield tag="035" ind1=" " ind2=" ">
    <subfield code="a">oai:arXiv.org:1312.4355</subfield>
    <subfield code="u">http://export.arxiv.org/oai2</subfield>
    <subfield code="9">http://export.arxiv.org/oai2</subfield>
    <subfield code="d">2013-12-17</subfield>
    <subfield code="h">2013-12-17T11:15:01Z</subfield>
    <subfield code="m"></subfield>
    <subfield code="t">false</subfield>
  </datafield>
  <datafield tag="980" ind1=" " ind2=" ">
    <subfield code="a">PREPRINT</subfield>
  </datafield>
</record>