
<record>
  
  
  <datafield tag="100" ind1=" " ind2=" ">
    <subfield code="a">Genewein, Tim</subfield>
  </datafield>
  <datafield tag="245" ind1=" " ind2=" ">
    <subfield code="a">Abstraction in decision-makers with limited information processing
  capabilities</subfield>
  </datafield>
  <datafield tag="260" ind1=" " ind2=" ">
    <subfield code="c">2013-12-16</subfield>
  </datafield>
  <datafield tag="520" ind1=" " ind2=" ">
    <subfield code="a">  A distinctive property of human and animal intelligence is the ability to
form abstractions by neglecting irrelevant information which allows to separate
structure from noise. From an information theoretic point of view abstractions
are desirable because they allow for very efficient information processing. In
artificial systems abstractions are often implemented through computationally
costly formations of groups or clusters. In this work we establish the relation
between the free-energy framework for decision making and rate-distortion
theory and demonstrate how the application of rate-distortion for
decision-making leads to the emergence of abstractions. We argue that
abstractions are induced due to a limit in information processing capacity.
</subfield>
  </datafield>
  <datafield tag="650" ind1="1" ind2="7">
    <subfield code="a">Computer Science - Artificial Intelligence</subfield>
  </datafield>
  <datafield tag="655" ind1="7" ind2=" ">
    <subfield code="a">text</subfield>
  </datafield>
  <datafield tag="700" ind1=" " ind2=" ">
    <subfield code="a">Braun, Daniel A.</subfield>
  </datafield>
  <datafield tag="035" ind1=" " ind2=" ">
    <subfield code="a">oai:arXiv.org:1312.4353</subfield>
    <subfield code="u">http://export.arxiv.org/oai2</subfield>
    <subfield code="9">http://export.arxiv.org/oai2</subfield>
    <subfield code="d">2013-12-17</subfield>
    <subfield code="h">2013-12-17T11:15:01Z</subfield>
    <subfield code="m"></subfield>
    <subfield code="t">false</subfield>
  </datafield>
  <datafield tag="980" ind1=" " ind2=" ">
    <subfield code="a">PREPRINT</subfield>
  </datafield>
</record>