
<record>
  
  
  <datafield tag="100" ind1=" " ind2=" ">
    <subfield code="a">Mineev, V. P.</subfield>
  </datafield>
  <datafield tag="245" ind1=" " ind2=" ">
    <subfield code="a">Superconducting phase transition of Sr2RuO4 in magnetic ?eld</subfield>
  </datafield>
  <datafield tag="260" ind1=" " ind2=" ">
    <subfield code="c">2013-12-16</subfield>
  </datafield>
  <datafield tag="520" ind1=" " ind2=" ">
    <subfield code="a">  The superconducting state formed due to direct intra-orbital pairing in
tetragonal multi-band superconductor Sr2RuO4 has di?erent properties than the
state formed due to intra-band pairing. In particular, the theory operating
with direct intra-orbital pairing successfully explains the Kerr rotation of re
ected light polarization observed several years ago. Here we apply
intra-orbital ap- proach to the problem of Ginzburg-Landau description of basal
plane upper critical ?eld in this material. It is shown that typical for a
multi-band two component superconducting state phase transition splitting under
basal plane magnetic ?eld does not exist in case of direct intra-orbital
pairing.
</subfield>
  </datafield>
  <datafield tag="650" ind1="1" ind2="7">
    <subfield code="a">Condensed Matter - Superconductivity</subfield>
  </datafield>
  <datafield tag="655" ind1="7" ind2=" ">
    <subfield code="a">text</subfield>
  </datafield>
  <datafield tag="035" ind1=" " ind2=" ">
    <subfield code="a">oai:arXiv.org:1312.4351</subfield>
    <subfield code="u">http://export.arxiv.org/oai2</subfield>
    <subfield code="9">http://export.arxiv.org/oai2</subfield>
    <subfield code="d">2013-12-17</subfield>
    <subfield code="h">2013-12-17T11:15:01Z</subfield>
    <subfield code="m"></subfield>
    <subfield code="t">false</subfield>
  </datafield>
  <datafield tag="980" ind1=" " ind2=" ">
    <subfield code="a">PREPRINT</subfield>
  </datafield>
</record>