
<record>
  
  
  <datafield tag="100" ind1=" " ind2=" ">
    <subfield code="a">Vesti, Jetro</subfield>
  </datafield>
  <datafield tag="245" ind1=" " ind2=" ">
    <subfield code="a">Extensions of rich words</subfield>
  </datafield>
  <datafield tag="260" ind1=" " ind2=" ">
    <subfield code="c">2013-12-16</subfield>
  </datafield>
  <datafield tag="520" ind1=" " ind2=" ">
    <subfield code="a">  In [X. Droubay et al, Episturmian words and some constructions of de Luca and
Rauzy, Theoret. Comput. Sci. 255 (2001)], it was proved that every word w has
at most |w|+1 many distinct palindromic factors, including the empty word. The
unified study of words which achieve this limit was initiated in [A. Glen et
al, Palindromic richness, Eur. Jour. of Comb. 30 (2009)]. They called these
words rich (in palindromes).
  This article contains several results about rich words and especially
extending them. We say that a rich word w can be extended richly with a word u
if wu is rich. Some notions are also made about the infinite defect of a word,
the number of rich words of length n and two-dimensional rich words.
</subfield>
  </datafield>
  <datafield tag="650" ind1="1" ind2="7">
    <subfield code="a">Mathematics - Combinatorics</subfield>
  </datafield>
  <datafield tag="655" ind1="7" ind2=" ">
    <subfield code="a">text</subfield>
  </datafield>
  <datafield tag="035" ind1=" " ind2=" ">
    <subfield code="a">oai:arXiv.org:1312.4350</subfield>
    <subfield code="u">http://export.arxiv.org/oai2</subfield>
    <subfield code="9">http://export.arxiv.org/oai2</subfield>
    <subfield code="d">2013-12-17</subfield>
    <subfield code="h">2013-12-17T11:15:01Z</subfield>
    <subfield code="m"></subfield>
    <subfield code="t">false</subfield>
  </datafield>
  <datafield tag="980" ind1=" " ind2=" ">
    <subfield code="a">PREPRINT</subfield>
  </datafield>
</record>