
<record>
  
  
  <datafield tag="100" ind1=" " ind2=" ">
    <subfield code="a">Hedenmalm, Haakan</subfield>
  </datafield>
  <datafield tag="245" ind1=" " ind2=" ">
    <subfield code="a">On the uniqueness theorem of Holmgren</subfield>
  </datafield>
  <datafield tag="260" ind1=" " ind2=" ">
    <subfield code="c">2013-12-16</subfield>
  </datafield>
  <datafield tag="520" ind1=" " ind2=" ">
    <subfield code="a">  We rereview the classical Cauchy-Kovalevskaya theorem and the related
uniqueness theorem of Holmgren, in the simple setting of powers of the
Laplacian and a smooth curve segment in the plane. As a local problem, the
Cauchy-Kovalevskaya and Holmgren theorems supply a complete answer to the
existence and uniqueness issues. Here, we consider a global uniqueness problem
of Holmgren's type. Perhaps surprisingly, we obtain a connection with the
theory of quadrature identities, which demonstrates that rather subtle
algebraic properties of the curve come into play. For instance, if $\Omega$ is
the interior domain of an ellipse, and $I$ is a proper arc of the ellipse
$\partial\Omega$, then there exists a nontrivial biharmonic function $u$ in
$\Omega$ which vanishes to degree three on $I$ (i.e., all partial derivatives
of $u$ of order $\le2$ vanish on $I$) if and only if the ellipse is a circle.
</subfield>
  </datafield>
  <datafield tag="650" ind1="1" ind2="7">
    <subfield code="a">Mathematics - Analysis of PDEs</subfield>
  </datafield>
  <datafield tag="655" ind1="7" ind2=" ">
    <subfield code="a">text</subfield>
  </datafield>
  <datafield tag="035" ind1=" " ind2=" ">
    <subfield code="a">oai:arXiv.org:1312.4348</subfield>
    <subfield code="u">http://export.arxiv.org/oai2</subfield>
    <subfield code="9">http://export.arxiv.org/oai2</subfield>
    <subfield code="d">2013-12-17</subfield>
    <subfield code="h">2013-12-17T11:15:01Z</subfield>
    <subfield code="m"></subfield>
    <subfield code="t">false</subfield>
  </datafield>
  <datafield tag="980" ind1=" " ind2=" ">
    <subfield code="a">PREPRINT</subfield>
  </datafield>
</record>