
<record>
  
  
  <datafield tag="100" ind1=" " ind2=" ">
    <subfield code="a">Skakala, Jozef</subfield>
  </datafield>
  <datafield tag="245" ind1=" " ind2=" ">
    <subfield code="a">Black hole hair in Lovelock gravity</subfield>
  </datafield>
  <datafield tag="260" ind1=" " ind2=" ">
    <subfield code="c">2013-12-16</subfield>
  </datafield>
  <datafield tag="520" ind1=" " ind2=" ">
    <subfield code="a">  We present an efficient and robust method to analyse black hole hair in the
spherical symmetric sector of the Lovelock theory in arbitrary dimensions that
is an alternative to solving the equations of motion in their complete form. We
explicitly show that the method matches with the known black hole solutions for
the vacuum and electro-vacuum spacetimes in Lovelock gravity theories. We
further apply the method to the case of minimally coupled massless scalar field
and prove that there is no massless scalar hair for the spherically symmetric
Lovelock black holes.
</subfield>
  </datafield>
  <datafield tag="650" ind1="1" ind2="7">
    <subfield code="a">General Relativity and Quantum Cosmology</subfield>
  </datafield>
  <datafield tag="655" ind1="7" ind2=" ">
    <subfield code="a">text</subfield>
  </datafield>
  <datafield tag="700" ind1=" " ind2=" ">
    <subfield code="a">Shankaranarayanan, S.</subfield>
  </datafield>
  <datafield tag="035" ind1=" " ind2=" ">
    <subfield code="a">oai:arXiv.org:1312.4347</subfield>
    <subfield code="u">http://export.arxiv.org/oai2</subfield>
    <subfield code="9">http://export.arxiv.org/oai2</subfield>
    <subfield code="d">2013-12-17</subfield>
    <subfield code="h">2013-12-17T11:15:01Z</subfield>
    <subfield code="m"></subfield>
    <subfield code="t">false</subfield>
  </datafield>
  <datafield tag="980" ind1=" " ind2=" ">
    <subfield code="a">PREPRINT</subfield>
  </datafield>
</record>