
<record>
  
  
  <datafield tag="100" ind1=" " ind2=" ">
    <subfield code="a">Sato, Noritaka</subfield>
  </datafield>
  <datafield tag="245" ind1=" " ind2=" ">
    <subfield code="a">Teleoperation System Using Past Image Records Considering Narrow
  Communication Band</subfield>
  </datafield>
  <datafield tag="260" ind1=" " ind2=" ">
    <subfield code="c">2013-12-16</subfield>
  </datafield>
  <datafield tag="520" ind1=" " ind2=" ">
    <subfield code="a">  Teleoperation is necessary when the robot is applied to real missions, for
example surveillance, search and rescue. We proposed teleoperation system using
past image records (SPIR). SPIR virtually generates the bird's-eye view image
by overlaying the CG model of the robot at the corresponding current position
on the background image which is captured from the camera mounted on the robot
at a past time. The problem for SPIR is that the communication bandwidth is
often narrow in some teleoperation tasks. In this case, the candidates of
background image of SPIR are few and the position of the robot is often
delayed. In this study, we propose zoom function for insufficiency of
candidates of the background image and additional interpolation lines for the
delay of the position data of the robot. To evaluate proposed system, an
outdoor experiments are carried out. The outdoor experiment is conducted on a
training course of a driving school.
</subfield>
  </datafield>
  <datafield tag="650" ind1="1" ind2="7">
    <subfield code="a">Computer Science - Robotics</subfield>
  </datafield>
  <datafield tag="655" ind1="7" ind2=" ">
    <subfield code="a">text</subfield>
  </datafield>
  <datafield tag="700" ind1=" " ind2=" ">
    <subfield code="a">Ito, Masataka</subfield>
  </datafield>
  <datafield tag="700" ind1=" " ind2=" ">
    <subfield code="a">Morita, Yoshifumi</subfield>
  </datafield>
  <datafield tag="700" ind1=" " ind2=" ">
    <subfield code="a">Matsuno, Fumitoshi</subfield>
  </datafield>
  <datafield tag="035" ind1=" " ind2=" ">
    <subfield code="a">oai:arXiv.org:1312.4346</subfield>
    <subfield code="u">http://export.arxiv.org/oai2</subfield>
    <subfield code="9">http://export.arxiv.org/oai2</subfield>
    <subfield code="d">2013-12-17</subfield>
    <subfield code="h">2013-12-17T11:15:01Z</subfield>
    <subfield code="m"></subfield>
    <subfield code="t">false</subfield>
  </datafield>
  <datafield tag="980" ind1=" " ind2=" ">
    <subfield code="a">PREPRINT</subfield>
  </datafield>
</record>