
<record>
  
  
  <datafield tag="100" ind1=" " ind2=" ">
    <subfield code="a">Figueiredo, Rosa</subfield>
  </datafield>
  <datafield tag="245" ind1=" " ind2=" ">
    <subfield code="a">An improved Branch-and-cut code for the maximum balanced subgraph of a
  signed graph</subfield>
  </datafield>
  <datafield tag="260" ind1=" " ind2=" ">
    <subfield code="c">2013-12-16</subfield>
  </datafield>
  <datafield tag="520" ind1=" " ind2=" ">
    <subfield code="a">  The Maximum Balanced Subgraph Problem (MBSP) is the problem of finding a
subgraph of a signed graph that is balanced and maximizes the cardinality of
its vertex set. We are interested in the exact solution of the problem: an
improved version of a branch-and-cut algorithm is proposed. Extensive
computational experiments are carried out on a set of instances from three
applications previously discussed in the literature as well as on a set of
random instances.
</subfield>
  </datafield>
  <datafield tag="650" ind1="1" ind2="7">
    <subfield code="a">Computer Science - Discrete Mathematics</subfield>
  </datafield>
  <datafield tag="655" ind1="7" ind2=" ">
    <subfield code="a">text</subfield>
  </datafield>
  <datafield tag="700" ind1=" " ind2=" ">
    <subfield code="a">Frota, Yuri</subfield>
  </datafield>
  <datafield tag="035" ind1=" " ind2=" ">
    <subfield code="a">oai:arXiv.org:1312.4345</subfield>
    <subfield code="u">http://export.arxiv.org/oai2</subfield>
    <subfield code="9">http://export.arxiv.org/oai2</subfield>
    <subfield code="d">2013-12-17</subfield>
    <subfield code="h">2013-12-17T11:15:01Z</subfield>
    <subfield code="m"></subfield>
    <subfield code="t">false</subfield>
  </datafield>
  <datafield tag="980" ind1=" " ind2=" ">
    <subfield code="a">PREPRINT</subfield>
  </datafield>
</record>