
<record>
  
  
  <datafield tag="100" ind1=" " ind2=" ">
    <subfield code="a">Rudolf, Daniel</subfield>
  </datafield>
  <datafield tag="245" ind1=" " ind2=" ">
    <subfield code="a">Error bounds of MCMC for functions with unbounded stationary variance</subfield>
  </datafield>
  <datafield tag="260" ind1=" " ind2=" ">
    <subfield code="c">2013-12-16</subfield>
  </datafield>
  <datafield tag="520" ind1=" " ind2=" ">
    <subfield code="a">  We prove explicit error bounds for Markov chain Monte Carlo (MCMC) methods to
compute expectations of functions with unbounded stationary variance. We assume
that there is a $p\in(1,2)$ so that the functions have finite $L_p$-norm. For
uniformly ergodic Markov chains we obtain error bounds with the optimal order
of convergence $n^{1/p-1}$ and if there exists a spectral gap we almost get the
optimal order. Further, a burn-in period is taken into account and a recipe for
choosing the burn-in is provided.
</subfield>
  </datafield>
  <datafield tag="650" ind1="1" ind2="7">
    <subfield code="a">Mathematics - Statistics Theory</subfield>
  </datafield>
  <datafield tag="655" ind1="7" ind2=" ">
    <subfield code="a">text</subfield>
  </datafield>
  <datafield tag="700" ind1=" " ind2=" ">
    <subfield code="a">Schweizer, Nikolaus</subfield>
  </datafield>
  <datafield tag="035" ind1=" " ind2=" ">
    <subfield code="a">oai:arXiv.org:1312.4344</subfield>
    <subfield code="u">http://export.arxiv.org/oai2</subfield>
    <subfield code="9">http://export.arxiv.org/oai2</subfield>
    <subfield code="d">2013-12-17</subfield>
    <subfield code="h">2013-12-17T11:15:01Z</subfield>
    <subfield code="m"></subfield>
    <subfield code="t">false</subfield>
  </datafield>
  <datafield tag="980" ind1=" " ind2=" ">
    <subfield code="a">PREPRINT</subfield>
  </datafield>
</record>