
<record>
  
  
  <datafield tag="100" ind1=" " ind2=" ">
    <subfield code="a">Cabrera, Daniel</subfield>
  </datafield>
  <datafield tag="245" ind1=" " ind2=" ">
    <subfield code="a">Strange and heavy mesons in hadronic matter</subfield>
  </datafield>
  <datafield tag="260" ind1=" " ind2=" ">
    <subfield code="c">2013-12-16</subfield>
  </datafield>
  <datafield tag="520" ind1=" " ind2=" ">
    <subfield code="a">  We present selected results on the properties of strange and heavy-flavoured
mesons in a hot and dense nuclear medium, with emphasis in selfconsistent
coupled-channel approaches based on the chiral Lagrangian. In the strangeness
sector, we discuss how the enhanced reactivity of light strange vectors at FAIR
conditions can be tied to in-medium effects on their predominant decay modes
(e.g. $\bar K^*\to\bar K \pi$) and to the excitation of strange baryons in
vector-meson nucleon interactions. In the heavy-flavour sector, we focus on
recent determinations of the transport coefficients of charmed and bottomed
mesons in a hadron gas at vanishing baryonic chemical potential. We comment on
the role of microscopic transport simulations to establish a connection between
theoretical models and experimental observables from heavy-ion collisions.
</subfield>
  </datafield>
  <datafield tag="650" ind1="1" ind2="7">
    <subfield code="a">High Energy Physics - Phenomenology</subfield>
  </datafield>
  <datafield tag="655" ind1="7" ind2=" ">
    <subfield code="a">text</subfield>
  </datafield>
  <datafield tag="700" ind1=" " ind2=" ">
    <subfield code="a">Abreu, Luciano M.</subfield>
  </datafield>
  <datafield tag="700" ind1=" " ind2=" ">
    <subfield code="a">Bratkovskaya, Elena</subfield>
  </datafield>
  <datafield tag="700" ind1=" " ind2=" ">
    <subfield code="a">Ilner, Andrej</subfield>
  </datafield>
  <datafield tag="700" ind1=" " ind2=" ">
    <subfield code="a">Llanes-Estrada, Felipe J.</subfield>
  </datafield>
  <datafield tag="700" ind1=" " ind2=" ">
    <subfield code="a">Ramos, Angels</subfield>
  </datafield>
  <datafield tag="700" ind1=" " ind2=" ">
    <subfield code="a">Tolos, Laura</subfield>
  </datafield>
  <datafield tag="700" ind1=" " ind2=" ">
    <subfield code="a">Torres-Rincon, Juan M.</subfield>
  </datafield>
  <datafield tag="035" ind1=" " ind2=" ">
    <subfield code="a">oai:arXiv.org:1312.4343</subfield>
    <subfield code="u">http://export.arxiv.org/oai2</subfield>
    <subfield code="9">http://export.arxiv.org/oai2</subfield>
    <subfield code="d">2013-12-17</subfield>
    <subfield code="h">2013-12-17T11:15:01Z</subfield>
    <subfield code="m"></subfield>
    <subfield code="t">false</subfield>
  </datafield>
  <datafield tag="980" ind1=" " ind2=" ">
    <subfield code="a">PREPRINT</subfield>
  </datafield>
</record>