
<record>
  
  
  <datafield tag="100" ind1=" " ind2=" ">
    <subfield code="a">Vedmedenko, E.</subfield>
  </datafield>
  <datafield tag="245" ind1=" " ind2=" ">
    <subfield code="a">Topologically Protected Magnetic Helix for All-Spin-Based Applications</subfield>
  </datafield>
  <datafield tag="260" ind1=" " ind2=" ">
    <subfield code="c">2013-12-16</subfield>
  </datafield>
  <datafield tag="520" ind1=" " ind2=" ">
    <subfield code="a">  The recent years have witnessed an emergence of the field of all-spin-based
devices without any flow of charge. An ultimate goal of this scientific
direction is the realization of full spectrum of spin-based networks like in
modern electronics. The concepts of energy storing elements, indispensable for
those networks, are so far lacking. Analyzing analytically the size dependent
properties of magnetic chains that are coupled via either exchange or
long-range dipolar or Ruderman-Kittel-Kasuya-Yosida interactions, we discover a
particularly simple law: magnetic configurations corresponding to helices with
integer number of twists, that are commensurate with the chain's length, are
energetically stable. This finding, supported by simulations and an
experimentally benchmarked model, agrees with the study [J. Appl. Phys.
\textbf{111}, 07E116 (2012)] showing that boundaries can topologically
stabilize structures that are not stable otherwise. On that basis an energy
storing element is proposed.
</subfield>
  </datafield>
  <datafield tag="650" ind1="1" ind2="7">
    <subfield code="a">Condensed Matter - Mesoscale and Nanoscale Physics</subfield>
  </datafield>
  <datafield tag="655" ind1="7" ind2=" ">
    <subfield code="a">text</subfield>
  </datafield>
  <datafield tag="700" ind1=" " ind2=" ">
    <subfield code="a">Altwein, D.</subfield>
  </datafield>
  <datafield tag="035" ind1=" " ind2=" ">
    <subfield code="a">oai:arXiv.org:1312.4342</subfield>
    <subfield code="u">http://export.arxiv.org/oai2</subfield>
    <subfield code="9">http://export.arxiv.org/oai2</subfield>
    <subfield code="d">2013-12-17</subfield>
    <subfield code="h">2013-12-17T11:15:01Z</subfield>
    <subfield code="m"></subfield>
    <subfield code="t">false</subfield>
  </datafield>
  <datafield tag="980" ind1=" " ind2=" ">
    <subfield code="a">PREPRINT</subfield>
  </datafield>
</record>