
<record>
  
  
  <datafield tag="100" ind1=" " ind2=" ">
    <subfield code="a">Haehne, Stephan</subfield>
  </datafield>
  <datafield tag="245" ind1=" " ind2=" ">
    <subfield code="a">Semistable Symmetric Spectra in $A1$-homotopy theory</subfield>
  </datafield>
  <datafield tag="260" ind1=" " ind2=" ">
    <subfield code="c">2013-12-16</subfield>
  </datafield>
  <datafield tag="520" ind1=" " ind2=" ">
    <subfield code="a">  We study semistable symmetric spectra based on quite general monoidal model
categories, including motivic examples. In particular, we establish a
generalization of Schwede's list of equivalent characterizations of
semistability in the case of motivic symmetric spectra. We also show that the
motivic Eilenberg-MacLane spectrum and the algebraic cobordism spectrum are
semistable. Finally, we show that semistability is preserved under localization
if some reasonable conditions - which often hold in practice - are satisfied.
</subfield>
  </datafield>
  <datafield tag="650" ind1="1" ind2="7">
    <subfield code="a">Mathematics - Algebraic Topology</subfield>
  </datafield>
  <datafield tag="655" ind1="7" ind2=" ">
    <subfield code="a">text</subfield>
  </datafield>
  <datafield tag="700" ind1=" " ind2=" ">
    <subfield code="a">Hornbostel, Jens</subfield>
  </datafield>
  <datafield tag="035" ind1=" " ind2=" ">
    <subfield code="a">oai:arXiv.org:1312.4340</subfield>
    <subfield code="u">http://export.arxiv.org/oai2</subfield>
    <subfield code="9">http://export.arxiv.org/oai2</subfield>
    <subfield code="d">2013-12-17</subfield>
    <subfield code="h">2013-12-17T11:15:01Z</subfield>
    <subfield code="m"></subfield>
    <subfield code="t">false</subfield>
  </datafield>
  <datafield tag="980" ind1=" " ind2=" ">
    <subfield code="a">PREPRINT</subfield>
  </datafield>
</record>