
<record>
  
  
  <datafield tag="100" ind1=" " ind2=" ">
    <subfield code="a">Dyatlov, I. T.</subfield>
  </datafield>
  <datafield tag="245" ind1=" " ind2=" ">
    <subfield code="a">Observed Quark Mixing Structure (CKM-Matrix) -- Perception of Mirror
  Generations</subfield>
  </datafield>
  <datafield tag="260" ind1=" " ind2=" ">
    <subfield code="c">2013-12-16</subfield>
  </datafield>
  <datafield tag="520" ind1=" " ind2=" ">
    <subfield code="a">  Parity nonconservation led Lee and Yang (1956) to the hypothesis of
additional fermions with properties that mirror those of usual particles. It is
shown here that the well-known observed qualitative structure of the quark
mixing matrix (CKM matrix) is precisely reproduced when usual quark mass
hierarchies result from mass hierarchies of heavy mirror generations. The last
ones are of the Lee--Yang type only. The usual quark spectrum is formed
likewise the see--saw spectrum of the neutrino physics. The lightest mirror
quark is closely related with the t quark and might be available even in a
region below 1 TeV.
</subfield>
  </datafield>
  <datafield tag="650" ind1="1" ind2="7">
    <subfield code="a">High Energy Physics - Phenomenology</subfield>
  </datafield>
  <datafield tag="655" ind1="7" ind2=" ">
    <subfield code="a">text</subfield>
  </datafield>
  <datafield tag="035" ind1=" " ind2=" ">
    <subfield code="a">oai:arXiv.org:1312.4339</subfield>
    <subfield code="u">http://export.arxiv.org/oai2</subfield>
    <subfield code="9">http://export.arxiv.org/oai2</subfield>
    <subfield code="d">2013-12-17</subfield>
    <subfield code="h">2013-12-17T11:15:01Z</subfield>
    <subfield code="m"></subfield>
    <subfield code="t">false</subfield>
  </datafield>
  <datafield tag="980" ind1=" " ind2=" ">
    <subfield code="a">PREPRINT</subfield>
  </datafield>
</record>