
<record>
  
  
  <datafield tag="100" ind1=" " ind2=" ">
    <subfield code="a">Alimov, Alexey R.</subfield>
  </datafield>
  <datafield tag="245" ind1=" " ind2=" ">
    <subfield code="a">Monotone path-connectedness and solarity of Menger-connected sets</subfield>
  </datafield>
  <datafield tag="260" ind1=" " ind2=" ">
    <subfield code="c">2013-12-16</subfield>
  </datafield>
  <datafield tag="520" ind1=" " ind2=" ">
    <subfield code="a">  A boundedly compact (boundedly weakly compact) m-connected (Menger-connected)
set is shown to be monotone path-\allowbreak connected and is a sun in a broad
class of Banach spaces (in particular, in separable spaces). Further, the
intersection of a boundedly compact monotone path-\allowbreak connected
(m-connected) set with a closed ball is established to be cell-like (trivial
shape) and, in particular, acyclic (contractible, in the finite-dimensional
case) and a sun. Further, a boundedly weakly compact m-connected set is
asserted to be monotone path-\allowbreak connected. In passing,
Rainwater--\allowbreak Simons's theorem on weak convergence of sequences is
extended to the convergence with respect to the associated norm (in the sense
of Brown).
</subfield>
  </datafield>
  <datafield tag="650" ind1="1" ind2="7">
    <subfield code="a">Mathematics - Classical Analysis and ODEs</subfield>
  </datafield>
  <datafield tag="655" ind1="7" ind2=" ">
    <subfield code="a">text</subfield>
  </datafield>
  <datafield tag="035" ind1=" " ind2=" ">
    <subfield code="a">oai:arXiv.org:1312.4338</subfield>
    <subfield code="u">http://export.arxiv.org/oai2</subfield>
    <subfield code="9">http://export.arxiv.org/oai2</subfield>
    <subfield code="d">2013-12-17</subfield>
    <subfield code="h">2013-12-17T11:15:01Z</subfield>
    <subfield code="m"></subfield>
    <subfield code="t">false</subfield>
  </datafield>
  <datafield tag="980" ind1=" " ind2=" ">
    <subfield code="a">PREPRINT</subfield>
  </datafield>
</record>