
<record>
  
  
  <datafield tag="100" ind1=" " ind2=" ">
    <subfield code="a">Amour, Laurent</subfield>
  </datafield>
  <datafield tag="245" ind1=" " ind2=" ">
    <subfield code="a">The Weyl symbol of Schr\"odinger semigroups</subfield>
  </datafield>
  <datafield tag="260" ind1=" " ind2=" ">
    <subfield code="c">2013-12-16</subfield>
  </datafield>
  <datafield tag="520" ind1=" " ind2=" ">
    <subfield code="a">  In this paper, we study the Weyl symbol of the Schr\"odinger semigroup
$e^{-tH}$, $H=-\Delta+V$, $t>0$, on $L^2(\mathbb{R}^n)$, with nonnegative
potentials $V$ in $L^1_{\rm loc}$. Some general estimates like the $L^{\infty}$
norm concerning the symbol $u$ are derived. In the case of large dimension,
typically for nearest neighbor or mean field interaction potentials, we prove
estimates with parameters independent of the dimension for the derivatives
$\partial_x^\alpha\partial_\xi^\beta u$. In particular, this implies that the
symbol of the Schr\"odinger semigroups belongs to the class of symbols
introduced in [1] in a high-dimensional setting. In addition, a commutator
estimate concerning the semigroup is proved.
</subfield>
  </datafield>
  <datafield tag="650" ind1="1" ind2="7">
    <subfield code="a">Mathematics - Analysis of PDEs</subfield>
  </datafield>
  <datafield tag="655" ind1="7" ind2=" ">
    <subfield code="a">text</subfield>
  </datafield>
  <datafield tag="700" ind1=" " ind2=" ">
    <subfield code="a">Jager, Lisette</subfield>
  </datafield>
  <datafield tag="700" ind1=" " ind2=" ">
    <subfield code="a">Nourrigat, Jean</subfield>
  </datafield>
  <datafield tag="035" ind1=" " ind2=" ">
    <subfield code="a">oai:arXiv.org:1312.4337</subfield>
    <subfield code="u">http://export.arxiv.org/oai2</subfield>
    <subfield code="9">http://export.arxiv.org/oai2</subfield>
    <subfield code="d">2013-12-17</subfield>
    <subfield code="h">2013-12-17T11:15:01Z</subfield>
    <subfield code="m"></subfield>
    <subfield code="t">false</subfield>
  </datafield>
  <datafield tag="980" ind1=" " ind2=" ">
    <subfield code="a">PREPRINT</subfield>
  </datafield>
</record>