
<record>
  
  
  <datafield tag="100" ind1=" " ind2=" ">
    <subfield code="a">Llorente, J. M. Gomez</subfield>
  </datafield>
  <datafield tag="245" ind1=" " ind2=" ">
    <subfield code="a">A minimal representation of the self-assembly of virus capsids</subfield>
  </datafield>
  <datafield tag="260" ind1=" " ind2=" ">
    <subfield code="c">2013-12-16</subfield>
  </datafield>
  <datafield tag="520" ind1=" " ind2=" ">
    <subfield code="a">  Viruses are biological nanosystems with a capsid of protein-made capsomer
units that encloses and protects the genetic material responsible for their
replication. Here we show how the geometrical constraints of the
capsomer-capsomer interaction in icosahedral capsids fix the form of the
shortest and universal truncated multipolar expansion of the two-body
interaction between capsomers. The structures of many of the icosahedral and
related virus capsids are located as single lowest energy states of this
potential energy surface. Our approach unveils relevant features of the natural
design of the capsids and can be of interest in fields of nanoscience and
nanotechnology where similar hollow convex structures are relevant.
</subfield>
  </datafield>
  <datafield tag="650" ind1="1" ind2="7">
    <subfield code="a">Physics - Biological Physics</subfield>
  </datafield>
  <datafield tag="655" ind1="7" ind2=" ">
    <subfield code="a">text</subfield>
  </datafield>
  <datafield tag="700" ind1=" " ind2=" ">
    <subfield code="a">Hernandez-Rojas, J.</subfield>
  </datafield>
  <datafield tag="700" ind1=" " ind2=" ">
    <subfield code="a">Breton, J.</subfield>
  </datafield>
  <datafield tag="035" ind1=" " ind2=" ">
    <subfield code="a">oai:arXiv.org:1312.4336</subfield>
    <subfield code="u">http://export.arxiv.org/oai2</subfield>
    <subfield code="9">http://export.arxiv.org/oai2</subfield>
    <subfield code="d">2013-12-17</subfield>
    <subfield code="h">2013-12-17T11:15:01Z</subfield>
    <subfield code="m"></subfield>
    <subfield code="t">false</subfield>
  </datafield>
  <datafield tag="980" ind1=" " ind2=" ">
    <subfield code="a">PREPRINT</subfield>
  </datafield>
</record>