
<record>
  
  
  <datafield tag="100" ind1=" " ind2=" ">
    <subfield code="a">Tesileanu, O.</subfield>
  </datafield>
  <datafield tag="245" ind1=" " ind2=" ">
    <subfield code="a">Young stellar object jet models: From theory to synthetic observations</subfield>
  </datafield>
  <datafield tag="260" ind1=" " ind2=" ">
    <subfield code="c">2013-12-16</subfield>
  </datafield>
  <datafield tag="520" ind1=" " ind2=" ">
    <subfield code="a">  Astronomical observations, analytical solutions and numerical simulations
have provided the building blocks to formulate the current theory of young
stellar object jets. Although each approach has made great progress
independently, it is only during the last decade that significant efforts are
being made to bring the separate pieces together. Building on previous work
that combined analytical solutions and numerical simulations, we apply a
sophisticated cooling function to incorporate optically thin energy losses in
the dynamics. On the one hand, this allows a self-consistent treatment of the
jet evolution and on the other, it provides the necessary data to generate
synthetic emission maps. Firstly, analytical disk and stellar outflow solutions
are properly combined to initialize numerical two-component jet models inside
the computational box. Secondly, magneto-hydrodynamical simulations are
performed in 2.5D, following properly the ionization and recombination of a
maximum of $29$ ions. Finally, the outputs are post-processed to produce
artificial observational data. The first two-component jet simulations, based
on analytical models, that include ionization and optically thin radiation
losses demonstrate promising results for modeling specific young stellar object
outflows. The generation of synthetic emission maps provides the link to
observations, as well as the necessary feedback for the further improvement of
the available models.
</subfield>
  </datafield>
  <datafield tag="650" ind1="1" ind2="7">
    <subfield code="a">Astrophysics - Solar and Stellar Astrophysics</subfield>
  </datafield>
  <datafield tag="655" ind1="7" ind2=" ">
    <subfield code="a">text</subfield>
  </datafield>
  <datafield tag="700" ind1=" " ind2=" ">
    <subfield code="a">Matsakos, T.</subfield>
  </datafield>
  <datafield tag="700" ind1=" " ind2=" ">
    <subfield code="a">Massaglia, S.</subfield>
  </datafield>
  <datafield tag="700" ind1=" " ind2=" ">
    <subfield code="a">Trussoni, E.</subfield>
  </datafield>
  <datafield tag="700" ind1=" " ind2=" ">
    <subfield code="a">Mignone, A.</subfield>
  </datafield>
  <datafield tag="700" ind1=" " ind2=" ">
    <subfield code="a">Vlahakis, N.</subfield>
  </datafield>
  <datafield tag="700" ind1=" " ind2=" ">
    <subfield code="a">Tsinganos, K.</subfield>
  </datafield>
  <datafield tag="700" ind1=" " ind2=" ">
    <subfield code="a">Stute, M.</subfield>
  </datafield>
  <datafield tag="700" ind1=" " ind2=" ">
    <subfield code="a">Cayatte, V.</subfield>
  </datafield>
  <datafield tag="700" ind1=" " ind2=" ">
    <subfield code="a">Sauty, C.</subfield>
  </datafield>
  <datafield tag="700" ind1=" " ind2=" ">
    <subfield code="a">Stehle, C.</subfield>
  </datafield>
  <datafield tag="700" ind1=" " ind2=" ">
    <subfield code="a">Chieze, J. -P.</subfield>
  </datafield>
  <datafield tag="035" ind1=" " ind2=" ">
    <subfield code="a">oai:arXiv.org:1312.4334</subfield>
    <subfield code="u">http://export.arxiv.org/oai2</subfield>
    <subfield code="9">http://export.arxiv.org/oai2</subfield>
    <subfield code="d">2013-12-17</subfield>
    <subfield code="h">2013-12-17T11:15:01Z</subfield>
    <subfield code="m"></subfield>
    <subfield code="t">false</subfield>
  </datafield>
  <datafield tag="980" ind1=" " ind2=" ">
    <subfield code="a">PREPRINT</subfield>
  </datafield>
</record>