
<record>
  
  
  <datafield tag="100" ind1=" " ind2=" ">
    <subfield code="a">de Vries, Krijn D.</subfield>
  </datafield>
  <datafield tag="245" ind1=" " ind2=" ">
    <subfield code="a">On the feasibility of RADAR detection of high-energy neutrino-induced
  showers in ice</subfield>
  </datafield>
  <datafield tag="260" ind1=" " ind2=" ">
    <subfield code="c">2013-12-16</subfield>
  </datafield>
  <datafield tag="520" ind1=" " ind2=" ">
    <subfield code="a">  In this article we try to answer the question whether the radar detection
technique can be used for the detection of high-energy-neutrino induced
particle cascades in ice. A high-energy neutrino interacting in ice will induce
a particle cascade, also referred to as a particle shower, moving at
approximately the speed of light. Passing through, the cascade will ionize the
medium, leaving behind a plasma tube. The different properties of the
plasma-tube, such as its lifetime, size and the charge-density will be used to
obtain an estimate if it is possible to detect this tube by means of the radar
detection technique. Next to the ionization electrons a second plasma due to
mobile protons induced by the particle cascade is discussed. An energy
threshold for the cascade inducing particle of 4 PeV for the electron plasma,
and 20 PeV for the proton plasma is obtained. This allows the radar detection
technique, if successful, to cover the energy-gap between several PeV and a few
EeV in the currently operating neutrino detectors, where on the low side
IceCube runs out of events, and on the high side the Askaryan radio detectors
begin to have large effective volumes.
</subfield>
  </datafield>
  <datafield tag="650" ind1="1" ind2="7">
    <subfield code="a">Astrophysics - High Energy Astrophysical Phenomena</subfield>
  </datafield>
  <datafield tag="655" ind1="7" ind2=" ">
    <subfield code="a">text</subfield>
  </datafield>
  <datafield tag="700" ind1=" " ind2=" ">
    <subfield code="a">Hanson, Kael</subfield>
  </datafield>
  <datafield tag="700" ind1=" " ind2=" ">
    <subfield code="a">Meures, Thomas</subfield>
  </datafield>
  <datafield tag="035" ind1=" " ind2=" ">
    <subfield code="a">oai:arXiv.org:1312.4331</subfield>
    <subfield code="u">http://export.arxiv.org/oai2</subfield>
    <subfield code="9">http://export.arxiv.org/oai2</subfield>
    <subfield code="d">2013-12-17</subfield>
    <subfield code="h">2013-12-17T11:15:01Z</subfield>
    <subfield code="m"></subfield>
    <subfield code="t">false</subfield>
  </datafield>
  <datafield tag="980" ind1=" " ind2=" ">
    <subfield code="a">PREPRINT</subfield>
  </datafield>
</record>