
<record>
  
  
  <datafield tag="100" ind1=" " ind2=" ">
    <subfield code="a">Chen, Fa-Min</subfield>
  </datafield>
  <datafield tag="245" ind1=" " ind2=" ">
    <subfield code="a">A Nonabelian $(1,0)$ Tensor Multiplet Theory in 6D</subfield>
  </datafield>
  <datafield tag="260" ind1=" " ind2=" ">
    <subfield code="c">2013-12-16</subfield>
  </datafield>
  <datafield tag="520" ind1=" " ind2=" ">
    <subfield code="a">  We construct a general nonabelian (1,0) tensor multiplet theory in six
dimensions. The gauge field of this (1,0) theory is non-dynamical, and the
theory contains a continuous parameter $b$. When $b=1/2$, the (1,0) theory
possesses an extra discrete symmetry enhancing the supersymmetry to (2,0), and
the theory turns out to be identical to the (2,0) theory of Lambert and
Papageorgakis (LP). Upon dimension reduction, we obtain a general N=2
supersymmetric Yang-Mills theory in five dimensions. The applications of the
theories to D4 and M5-branes are briefly discussed.
</subfield>
  </datafield>
  <datafield tag="650" ind1="1" ind2="7">
    <subfield code="a">High Energy Physics - Theory</subfield>
  </datafield>
  <datafield tag="655" ind1="7" ind2=" ">
    <subfield code="a">text</subfield>
  </datafield>
  <datafield tag="035" ind1=" " ind2=" ">
    <subfield code="a">oai:arXiv.org:1312.4330</subfield>
    <subfield code="u">http://export.arxiv.org/oai2</subfield>
    <subfield code="9">http://export.arxiv.org/oai2</subfield>
    <subfield code="d">2013-12-17</subfield>
    <subfield code="h">2013-12-17T11:15:01Z</subfield>
    <subfield code="m"></subfield>
    <subfield code="t">false</subfield>
  </datafield>
  <datafield tag="980" ind1=" " ind2=" ">
    <subfield code="a">PREPRINT</subfield>
  </datafield>
</record>