
<record>
  
  
  <datafield tag="100" ind1=" " ind2=" ">
    <subfield code="a">De Raedt, Luc</subfield>
  </datafield>
  <datafield tag="245" ind1=" " ind2=" ">
    <subfield code="a">Probabilistic Programming Concepts</subfield>
  </datafield>
  <datafield tag="260" ind1=" " ind2=" ">
    <subfield code="c">2013-12-16</subfield>
  </datafield>
  <datafield tag="520" ind1=" " ind2=" ">
    <subfield code="a">  A multitude of different probabilistic programming languages exists today,
all extending a traditional programming language with primitives to support
modeling of complex, structured probability distributions. Each of these
languages employs its own probabilistic primitives, and comes with a particular
syntax, semantics and inference procedure. This makes it hard to understand the
underlying programming concepts and appreciate the differences between the
different languages. To obtain a better understanding of probabilistic
programming, we identify a number of core programming concepts underlying the
primitives used by various probabilistic languages, discuss the execution
mechanisms that they require and use these to position state-of-the-art
probabilistic languages and their implementation. While doing so, we focus on
probabilistic extensions of logic programming languages such as Prolog, which
have been developed since more than 20 years.
</subfield>
  </datafield>
  <datafield tag="650" ind1="1" ind2="7">
    <subfield code="a">Computer Science - Programming Languages</subfield>
  </datafield>
  <datafield tag="655" ind1="7" ind2=" ">
    <subfield code="a">text</subfield>
  </datafield>
  <datafield tag="700" ind1=" " ind2=" ">
    <subfield code="a">Kimmig, Angelika</subfield>
  </datafield>
  <datafield tag="035" ind1=" " ind2=" ">
    <subfield code="a">oai:arXiv.org:1312.4328</subfield>
    <subfield code="u">http://export.arxiv.org/oai2</subfield>
    <subfield code="9">http://export.arxiv.org/oai2</subfield>
    <subfield code="d">2013-12-17</subfield>
    <subfield code="h">2013-12-17T11:15:01Z</subfield>
    <subfield code="m"></subfield>
    <subfield code="t">false</subfield>
  </datafield>
  <datafield tag="980" ind1=" " ind2=" ">
    <subfield code="a">PREPRINT</subfield>
  </datafield>
</record>