
<record>
  
  
  <datafield tag="100" ind1=" " ind2=" ">
    <subfield code="a">Isaev, Valery</subfield>
  </datafield>
  <datafield tag="245" ind1=" " ind2=" ">
    <subfield code="a">Minimal model structures</subfield>
  </datafield>
  <datafield tag="260" ind1=" " ind2=" ">
    <subfield code="c">2013-12-16</subfield>
  </datafield>
  <datafield tag="520" ind1=" " ind2=" ">
    <subfield code="a">  In this paper, we give a general way of constructing minimal model structures
on a complete and cocomplete category. Using this result, we prove that in a
certain case, left properness implies the existence of a minimal model
structure.
</subfield>
  </datafield>
  <datafield tag="650" ind1="1" ind2="7">
    <subfield code="a">Mathematics - Category Theory</subfield>
  </datafield>
  <datafield tag="655" ind1="7" ind2=" ">
    <subfield code="a">text</subfield>
  </datafield>
  <datafield tag="035" ind1=" " ind2=" ">
    <subfield code="a">oai:arXiv.org:1312.4327</subfield>
    <subfield code="u">http://export.arxiv.org/oai2</subfield>
    <subfield code="9">http://export.arxiv.org/oai2</subfield>
    <subfield code="d">2013-12-17</subfield>
    <subfield code="h">2013-12-17T11:15:01Z</subfield>
    <subfield code="m"></subfield>
    <subfield code="t">false</subfield>
  </datafield>
  <datafield tag="980" ind1=" " ind2=" ">
    <subfield code="a">PREPRINT</subfield>
  </datafield>
</record>