

<record>
  
  
  <datafield tag="022" ind1=" " ind2=" ">
    <subfield code="a">1873-264X</subfield>
  </datafield>
  <datafield tag="024" ind1="7" ind2=" ">
    <subfield code="a">10.1016/j.jpba.2009.03.025</subfield>
    <subfield code="2">DOI</subfield>
  </datafield>
  <datafield tag="035" ind1=" " ind2=" ">
    <subfield code="a">19394786</subfield>
    <subfield code="9">PMC</subfield>
  </datafield>
  <datafield tag="245" ind1=" " ind2=" ">
    <subfield code="a">Simultaneous quantification of 19 ginsenosides in black ginseng developed from Panax ginseng by HPLC-ELSD.</subfield>
  </datafield>
  <datafield tag="260" ind1=" " ind2=" ">
    <subfield code="c">2009-05-26</subfield>
  </datafield>
  <datafield tag="520" ind1=" " ind2=" ">
    <subfield code="a">A high-performance liquid chromatographic method with evaporative light scattering detection (HPLC-ELSD) has been developed to identify and quantify 19 ginsenosides (Rg(1), Re, Rf, Rb(1), Rc, Rb(2), Rd, F(4), Rg(6), Rk(3), Rh(4), 20(S)-, 20(R)-Rg(3), 20(S)-, 20(R)-Rs(3), Rk(1), Rg(5), Rs(4), and Rs(5)) in black ginseng (BG, Korean white ginseng that was subjected to nine cycles of steam treatment). Ultrasonication is employed for sample preparation, and the analysis is achieved on a Discovery C(18) column using gradient elution of CH(3)CN-H(2)O-CH(3)COOH without buffer in 40min. The method was validated by linearity (r(2)> or =0.9994), precision (92.0-107.5%), intra- and inter-day accuracy (R.S.D.&lt;3.21%), and limit of detection (LOD&lt; or =93ng). The quantification method was applied to analyze the composition of ginsenosides in Korean white, red, and black ginsengs. During the preparatory process of BG, ginsenosides transform into constituents of low polarity by hydrolysis, isomerization, and dehydration at C-20, and hydrolysis also occurs at C-3 or C-6. The validated HPLC method is expected to provide the basis for the quality assessment of ginseng products.</subfield>
  </datafield>
  <datafield tag="100" ind1=" " ind2=" ">
    <subfield code="a">Bai-Shen Sun</subfield>
  </datafield>
  <datafield tag="700" ind1=" " ind2=" ">
    <subfield code="a">Li-juan Gu</subfield>
  </datafield>
  <datafield tag="700" ind1=" " ind2=" ">
    <subfield code="a">Zhe-Ming Fang</subfield>
  </datafield>
  <datafield tag="700" ind1=" " ind2=" ">
    <subfield code="a">Chun-Yan Wang</subfield>
  </datafield>
  <datafield tag="700" ind1=" " ind2=" ">
    <subfield code="a">Zhen Wang</subfield>
  </datafield>
  <datafield tag="700" ind1=" " ind2=" ">
    <subfield code="a">Mi-Ra Lee</subfield>
  </datafield>
  <datafield tag="700" ind1=" " ind2=" ">
    <subfield code="a">Zheng Li</subfield>
  </datafield>
  <datafield tag="700" ind1=" " ind2=" ">
    <subfield code="a">Jing-jie Li</subfield>
  </datafield>
  <datafield tag="700" ind1=" " ind2=" ">
    <subfield code="a">Chang-Keun Sung</subfield>
  </datafield>
  <datafield tag="653" ind1="1" ind2=" ">
    <subfield code="a">Chromatography, High Pressure Liquid</subfield>
  </datafield>
  <datafield tag="653" ind1="1" ind2=" ">
    <subfield code="a">Ginsenosides</subfield>
  </datafield>
  <datafield tag="653" ind1="1" ind2=" ">
    <subfield code="a">Panax</subfield>
  </datafield>
  <datafield tag="653" ind1="1" ind2=" ">
    <subfield code="a">Reproducibility of Results</subfield>
  </datafield>
  <datafield tag="902" ind1=" " ind2=" ">
    <subfield code="a">Department of Food Science and Technology, Chungnam National University, Yusung-Gu, Taejeon, South Korea.</subfield>
  </datafield>
  <datafield tag="909" ind1="C" ind2="4">
    <subfield code="p">Journal of pharmaceutical and biomedical analysis</subfield>
    <subfield code="v">50</subfield>
    <subfield code="c"></subfield>
    <subfield code="n">1</subfield>
    <subfield code="y">2009-08-15</subfield>
  </datafield>
  <datafield tag="041" ind1=" " ind2=" ">
    <subfield code="a">eng</subfield>
  </datafield>
  <datafield tag="980" ind1=" " ind2=" ">
    <subfield code="a">ARTICLE</subfield>
  </datafield>
  <datafield tag="980" ind1=" " ind2=" ">
    <subfield code="a">PUBMED</subfield>
  </datafield>
  <datafield tag="650" ind1=" " ind2="7">
    <subfield code="a">Journal Article</subfield>
  </datafield>
</record>