
<record>
  
  
  <datafield tag="022" ind1=" " ind2=" ">
    <subfield code="a">1879-0070</subfield>
  </datafield>
  <datafield tag="024" ind1="7" ind2=" ">
    <subfield code="a">10.1016/j.diagmicrobio.2009.03.011</subfield>
    <subfield code="2">DOI</subfield>
  </datafield>
  <datafield tag="035" ind1=" " ind2=" ">
    <subfield code="a">19394787</subfield>
    <subfield code="9">PMC</subfield>
  </datafield>
  <datafield tag="245" ind1=" " ind2=" ">
    <subfield code="a">In vitro efficacy of 5 antifungal agents against Candida parapsilosis, Candida orthopsilosis, and Candida metapsilosis as determined by time-kill methodology.</subfield>
  </datafield>
  <datafield tag="260" ind1=" " ind2=" ">
    <subfield code="c">2009-06-08</subfield>
  </datafield>
  <datafield tag="520" ind1=" " ind2=" ">
    <subfield code="a">Killing activity of amphotericin B, fluconazole, voriconazole, posaconazole, and 5-fluorocytosine was determined against 6 Candida parapsilosis, 3 Candida orthopsilosis, and 4 Candida metapsilosis clinical isolates. After 24 h, 1 of 6 C. parapsilosis, 1 of 3 C. orthopsilosis, and 3 of 4 C. metapsilosis isolates were killed at 1 to 4 microg/mL (1-8x MIC) amphotericin B. The remaining isolates were killed by 2 to 4 microg/mL amphotericin B after 48 h. Fluconazole was fungistatic at > or =1x MIC (0.5-2 microg/mL) against C. parapsilosis and at > or =2x MIC (4-8 microg/mL) against C. orthopsilosis and C. metapsilosis isolates. Voriconazole inhibited C. parapsilosis at > or =1x MIC (0.015-0.12 microg/mL), but the other 2 species were inhibited only at 4 to 8x MIC (0.25-0.5 microg/mL). Against C. orthopsilosis and C. metapsilosis, posaconazole was fungistatic close to the MIC (0.03-0.06 and 0.015-0.03 microg/mL, respectively). Against C. orthopsilosis and C. metapsilosis, fluconazole and voriconazole, but not posaconazole, seem to be less active in vitro than against C. parapsilosis.</subfield>
  </datafield>
  <datafield tag="100" ind1=" " ind2=" ">
    <subfield code="a">Zsuzsa Szabó</subfield>
  </datafield>
  <datafield tag="700" ind1=" " ind2=" ">
    <subfield code="a">Judit Szilágyi</subfield>
  </datafield>
  <datafield tag="700" ind1=" " ind2=" ">
    <subfield code="a">Ariana Tavanti</subfield>
  </datafield>
  <datafield tag="700" ind1=" " ind2=" ">
    <subfield code="a">Gábor Kardos</subfield>
  </datafield>
  <datafield tag="700" ind1=" " ind2=" ">
    <subfield code="a">Ferenc Rozgonyi</subfield>
  </datafield>
  <datafield tag="700" ind1=" " ind2=" ">
    <subfield code="a">Sedique Bayegan</subfield>
  </datafield>
  <datafield tag="700" ind1=" " ind2=" ">
    <subfield code="a">László Majoros</subfield>
  </datafield>
  <datafield tag="653" ind1="1" ind2=" ">
    <subfield code="a">Antifungal Agents</subfield>
  </datafield>
  <datafield tag="653" ind1="1" ind2=" ">
    <subfield code="a">Candida</subfield>
  </datafield>
  <datafield tag="653" ind1="1" ind2=" ">
    <subfield code="a">Candidiasis</subfield>
  </datafield>
  <datafield tag="653" ind1="1" ind2=" ">
    <subfield code="a">Humans</subfield>
  </datafield>
  <datafield tag="653" ind1="1" ind2=" ">
    <subfield code="a">Microbial Sensitivity Tests</subfield>
  </datafield>
  <datafield tag="653" ind1="1" ind2=" ">
    <subfield code="a">Microbial Viability</subfield>
  </datafield>
  <datafield tag="653" ind1="1" ind2=" ">
    <subfield code="a">Time Factors</subfield>
  </datafield>
  <datafield tag="902" ind1=" " ind2=" ">
    <subfield code="a">Department of Dermatology, Dermatooncology, and Venerology, Semmelweis University, Budapest, Hungary.</subfield>
  </datafield>
  <datafield tag="909" ind1="C" ind2="4">
    <subfield code="p">Diagnostic microbiology and infectious disease</subfield>
    <subfield code="v">64</subfield>
    <subfield code="c"></subfield>
    <subfield code="n">3</subfield>
    <subfield code="y">2009-07-01</subfield>
  </datafield>
  <datafield tag="041" ind1=" " ind2=" ">
    <subfield code="a">eng</subfield>
  </datafield>
  <datafield tag="980" ind1=" " ind2=" ">
    <subfield code="a">ARTICLE</subfield>
  </datafield>
  <datafield tag="980" ind1=" " ind2=" ">
    <subfield code="a">PUBMED</subfield>
  </datafield>
  <datafield tag="650" ind1=" " ind2="7">
    <subfield code="a">Journal Article</subfield>
  </datafield>
</record>