
<record>
  
  
  <datafield tag="022" ind1=" " ind2=" ">
    <subfield code="a">1873-6513</subfield>
  </datafield>
  <datafield tag="024" ind1="7" ind2=" ">
    <subfield code="a">10.1016/j.jpainsymman.2008.07.010</subfield>
    <subfield code="2">DOI</subfield>
  </datafield>
  <datafield tag="035" ind1=" " ind2=" ">
    <subfield code="a">19394792</subfield>
    <subfield code="9">PMC</subfield>
  </datafield>
  <datafield tag="245" ind1=" " ind2=" ">
    <subfield code="a">Health-related quality of life in end-stage COPD and lung cancer patients.</subfield>
  </datafield>
  <datafield tag="260" ind1=" " ind2=" ">
    <subfield code="c">2009-06-08</subfield>
  </datafield>
  <datafield tag="520" ind1=" " ind2=" ">
    <subfield code="a">Historically, palliative care has been developed for cancer patients and is not yet generally available for patients suffering from chronic life-limiting illnesses, such as chronic obstructive pulmonary disease (COPD). To examine whether COPD patients experience similar or worse disease burden in comparison with non-small cell lung cancer (NSCLC) patients, we compared the health-related quality of life (HRQOL) scores of severe COPD patients with those of advanced NSCLC patients. We also formally updated previous evidence in this area provided by a landmark study published by Gore et al. in 2000. In updating this previous evidence, we addressed the methodological limitations of this study and a number of confounding variables. Eighty-two GOLD IV COPD patients and 19 Stage IIIb or IV NSCLC patients completed generic and disease-specific HRQOL questionnaires. We used an individual patient data meta-analysis to integrate the new and existing evidence (total n=201). Finally, to enhance between-group comparability, we performed a sensitivity analysis using a subgroup of patients with a similar degree of "terminality," namely those who had died within one year after study entry. Considerable differences in HRQOL were found for physical functioning, social functioning, mental health, general health perceptions, dyspnea, activities of daily living, and depression. All differences favored the NSCLC patients. The sensitivity analysis, using only terminal NSCLC and COPD patients, confirmed these findings. In conclusion, end-stage COPD patients experience poor HRQOL comparable to or worse than that of advanced NSCLC patients. We discuss these findings in the light of the notion that these COPD patients may have a similar need for palliative care.</subfield>
  </datafield>
  <datafield tag="100" ind1=" " ind2=" ">
    <subfield code="a">Jolanda M Habraken</subfield>
  </datafield>
  <datafield tag="700" ind1=" " ind2=" ">
    <subfield code="a">Gerben ter Riet</subfield>
  </datafield>
  <datafield tag="700" ind1=" " ind2=" ">
    <subfield code="a">Justin M Gore</subfield>
  </datafield>
  <datafield tag="700" ind1=" " ind2=" ">
    <subfield code="a">Michael A Greenstone</subfield>
  </datafield>
  <datafield tag="700" ind1=" " ind2=" ">
    <subfield code="a">Els J M Weersink</subfield>
  </datafield>
  <datafield tag="700" ind1=" " ind2=" ">
    <subfield code="a">Patrick J E Bindels</subfield>
  </datafield>
  <datafield tag="700" ind1=" " ind2=" ">
    <subfield code="a">Dick L Willems</subfield>
  </datafield>
  <datafield tag="653" ind1="1" ind2=" ">
    <subfield code="a">Aged</subfield>
  </datafield>
  <datafield tag="653" ind1="1" ind2=" ">
    <subfield code="a">Carcinoma, Non-Small-Cell Lung</subfield>
  </datafield>
  <datafield tag="653" ind1="1" ind2=" ">
    <subfield code="a">female</subfield>
  </datafield>
  <datafield tag="653" ind1="1" ind2=" ">
    <subfield code="a">Humans</subfield>
  </datafield>
  <datafield tag="653" ind1="1" ind2=" ">
    <subfield code="a">Lung Neoplasms</subfield>
  </datafield>
  <datafield tag="653" ind1="1" ind2=" ">
    <subfield code="a">male</subfield>
  </datafield>
  <datafield tag="653" ind1="1" ind2=" ">
    <subfield code="a">Palliative Care</subfield>
  </datafield>
  <datafield tag="653" ind1="1" ind2=" ">
    <subfield code="a">Pulmonary Disease, Chronic Obstructive</subfield>
  </datafield>
  <datafield tag="653" ind1="1" ind2=" ">
    <subfield code="a">Quality of Life</subfield>
  </datafield>
  <datafield tag="902" ind1=" " ind2=" ">
    <subfield code="a">Department of General Practice, Academic Medical Center, Meibergdreef 15, Amsterdam 1105 AZ, The Netherlands. j.m.habraken@amc.uva.nl</subfield>
  </datafield>
  <datafield tag="909" ind1="C" ind2="4">
    <subfield code="p">Journal of pain and symptom management</subfield>
    <subfield code="v">37</subfield>
    <subfield code="c"></subfield>
    <subfield code="n">6</subfield>
    <subfield code="y">2009-06-01</subfield>
  </datafield>
  <datafield tag="041" ind1=" " ind2=" ">
    <subfield code="a">eng</subfield>
  </datafield>
  <datafield tag="980" ind1=" " ind2=" ">
    <subfield code="a">ARTICLE</subfield>
  </datafield>
  <datafield tag="980" ind1=" " ind2=" ">
    <subfield code="a">PUBMED</subfield>
  </datafield>
  <datafield tag="650" ind1=" " ind2="7">
    <subfield code="a">Journal Article</subfield>
  </datafield>
</record>