
<record>
  
  
  <datafield tag="022" ind1=" " ind2=" ">
    <subfield code="a">1873-6513</subfield>
  </datafield>
  <datafield tag="024" ind1="7" ind2=" ">
    <subfield code="a">10.1016/j.jpainsymman.2008.07.011</subfield>
    <subfield code="2">DOI</subfield>
  </datafield>
  <datafield tag="035" ind1=" " ind2=" ">
    <subfield code="a">19394793</subfield>
    <subfield code="9">PMC</subfield>
  </datafield>
  <datafield tag="245" ind1=" " ind2=" ">
    <subfield code="a">Feasibility and acceptability to patients of a longitudinal system for evaluating cancer-related symptoms and quality of life: pilot study of an e/Tablet data-collection system in academic oncology.</subfield>
  </datafield>
  <datafield tag="260" ind1=" " ind2=" ">
    <subfield code="c">2009-06-08</subfield>
  </datafield>
  <datafield tag="520" ind1=" " ind2=" ">
    <subfield code="a">Programmed, notebook-style, personal computers ("e/Tablets") can collect symptom and quality-of-life (QOL) data at the point of care. Patients use an e/Tablet in the clinic waiting area to complete electronic surveys. Information then travels wirelessly to a server, which generates a real-time report for use during the clinical visit. The objective of this study was to determine whether academic oncology patients find e/Tablets logistically acceptable and a satisfactory means of communicating symptoms to providers during repeated clinic visits. Sixty-six metastatic breast cancer patients at Duke Breast Cancer Clinic participated. E/Tablets were customized to electronically administer a satisfaction/acceptability survey, several validated questionnaires, and the Patient Care Monitor (PCM) review of symptoms survey. At each of the four visits within six months, participants completed the patient satisfaction/acceptability survey, which furnished data for the current analysis. Participant demographics were: mean age of 54 years, 77% Caucasian, and 47% with less than a college education. Participants reported that e/Tablets were easy to read (94%), easy to navigate (99%), and had a comfortable weight (90%); they found it easy to respond to questions using the e/Tablet (98%). Seventy-five percent initially indicated satisfaction with PCM for reporting symptoms; this proportion increased over time. By the last visit, 88% of participants indicated that they would recommend the PCM to other patients; 74% felt that the e/Tablet helped them remember symptoms to report to their clinician. E/Tablets offered a feasible and acceptable method for collecting longitudinal patient-reported symptom and QOL data within an academic, tertiary care, breast cancer clinic.</subfield>
  </datafield>
  <datafield tag="100" ind1=" " ind2=" ">
    <subfield code="a">Amy P Abernethy</subfield>
  </datafield>
  <datafield tag="700" ind1=" " ind2=" ">
    <subfield code="a">James E Herndon</subfield>
  </datafield>
  <datafield tag="700" ind1=" " ind2=" ">
    <subfield code="a">Jane L Wheeler</subfield>
  </datafield>
  <datafield tag="700" ind1=" " ind2=" ">
    <subfield code="a">Jeannette M Day</subfield>
  </datafield>
  <datafield tag="700" ind1=" " ind2=" ">
    <subfield code="a">Linda Hood</subfield>
  </datafield>
  <datafield tag="700" ind1=" " ind2=" ">
    <subfield code="a">Meenal Patwardhan</subfield>
  </datafield>
  <datafield tag="700" ind1=" " ind2=" ">
    <subfield code="a">Heather Shaw</subfield>
  </datafield>
  <datafield tag="700" ind1=" " ind2=" ">
    <subfield code="a">Herbert Kim Lyerly</subfield>
  </datafield>
  <datafield tag="653" ind1="1" ind2=" ">
    <subfield code="a">Adult</subfield>
  </datafield>
  <datafield tag="653" ind1="1" ind2=" ">
    <subfield code="a">Aged</subfield>
  </datafield>
  <datafield tag="653" ind1="1" ind2=" ">
    <subfield code="a">Data Collection</subfield>
  </datafield>
  <datafield tag="653" ind1="1" ind2=" ">
    <subfield code="a">Feasibility Studies</subfield>
  </datafield>
  <datafield tag="653" ind1="1" ind2=" ">
    <subfield code="a">female</subfield>
  </datafield>
  <datafield tag="653" ind1="1" ind2=" ">
    <subfield code="a">Humans</subfield>
  </datafield>
  <datafield tag="653" ind1="1" ind2=" ">
    <subfield code="a">male</subfield>
  </datafield>
  <datafield tag="653" ind1="1" ind2=" ">
    <subfield code="a">Microcomputers</subfield>
  </datafield>
  <datafield tag="653" ind1="1" ind2=" ">
    <subfield code="a">Middle Aged</subfield>
  </datafield>
  <datafield tag="653" ind1="1" ind2=" ">
    <subfield code="a">Neoplasms</subfield>
  </datafield>
  <datafield tag="653" ind1="1" ind2=" ">
    <subfield code="a">Patient Satisfaction</subfield>
  </datafield>
  <datafield tag="653" ind1="1" ind2=" ">
    <subfield code="a">Patients</subfield>
  </datafield>
  <datafield tag="653" ind1="1" ind2=" ">
    <subfield code="a">Pilot Projects</subfield>
  </datafield>
  <datafield tag="653" ind1="1" ind2=" ">
    <subfield code="a">Quality of Life</subfield>
  </datafield>
  <datafield tag="653" ind1="1" ind2=" ">
    <subfield code="a">Socioeconomic Factors</subfield>
  </datafield>
  <datafield tag="902" ind1=" " ind2=" ">
    <subfield code="a">Division of Medical Oncology, Center for Clinical Health Policy Research, Duke University Medical Center, Box 3436, 1 Trent Drive, Durham, NC 27710 USA. amy.abernethy@duke.edu</subfield>
  </datafield>
  <datafield tag="909" ind1="C" ind2="4">
    <subfield code="p">Journal of pain and symptom management</subfield>
    <subfield code="v">37</subfield>
    <subfield code="c"></subfield>
    <subfield code="n">6</subfield>
    <subfield code="y">2009-06-01</subfield>
  </datafield>
  <datafield tag="041" ind1=" " ind2=" ">
    <subfield code="a">eng</subfield>
  </datafield>
  <datafield tag="980" ind1=" " ind2=" ">
    <subfield code="a">ARTICLE</subfield>
  </datafield>
  <datafield tag="980" ind1=" " ind2=" ">
    <subfield code="a">PUBMED</subfield>
  </datafield>
  <datafield tag="650" ind1=" " ind2="7">
    <subfield code="a">Clinical Trial</subfield>
  </datafield>
</record>