
<record>
  
  
  <datafield tag="022" ind1=" " ind2=" ">
    <subfield code="a">1879-0771</subfield>
  </datafield>
  <datafield tag="024" ind1="7" ind2=" ">
    <subfield code="a">10.1016/j.compmedimag.2009.03.006</subfield>
    <subfield code="2">DOI</subfield>
  </datafield>
  <datafield tag="035" ind1=" " ind2=" ">
    <subfield code="a">19394795</subfield>
    <subfield code="9">PMC</subfield>
  </datafield>
  <datafield tag="245" ind1=" " ind2=" ">
    <subfield code="a">The morphometric analysis of the V2 and V3 segments of the vertebral artery: normal values on MDCT.</subfield>
  </datafield>
  <datafield tag="260" ind1=" " ind2=" ">
    <subfield code="c">2009-05-18</subfield>
  </datafield>
  <datafield tag="520" ind1=" " ind2=" ">
    <subfield code="a">A potential hazard in midline posterior fossa craniectomy may be the injury of vertebral artery. That's why vertebral artery evaluation prior to surgery may prevent dangerous complications. Advancements in multidetector computed tomography (MDCT) have provided detailed demonstration of the vertebral artery at the craniocervical junction and its relationships with atlas and axis. We aimed to define the normal anatomic relationship of the V2 and V3 part of the vertebral artery on MDCT. In total, 33 patients underwent MDCT angiography scan with suspected cranial aneurysm. V2 and V3 segments of vertebral artery were evaluated. Eight measurements (B, C, D, E, G, H, X, and Y line) were taken from MDCT images. For B and C, a line initially passing through the body of axis and spinous process and determining the midline was formed. Then, the vertical distance of vertebral artery from the level of transverse foramen of axis and loop to this midline was measured. For D and G, the vertical distance of vertebral artery to the midline from the upper and lower margin levels of transverse foramen of atlas was measured after a line establishing the midline passing through the anterior and posterior tubercles of atlas was drawn first. For E, transverse diameter of vertebral artery was measured at the loop level of V2 segment. For H, the vertical distance at the point where vertebral artery entered dura in the line passing from the midline of foramen magnum at anterior-posterior plane was measured. For X and Y, two different points of horizontal part of the vertebral artery were determined. One of these two points was the lateral one which was the origin of the horizontal part in the transverse foramen, the other was the intersection point on atlas. Average distances for both sides from transverse foramen of the axis, the loop of axoatlantal part and the lower border of the atlas of the vertebral artery to the midline were 20.97 mm on the right, 22.29 mm on the left; 27.19 mm on the right, 28.34 mm on the left; and 25.75 mm on the right and 27.21 mm on the left, respectively. Average distances for both sides from the upper border of the atlas, and at its penetration through dura were 27.40 mm on the right, 28.94 mm on the left; and 10.90 mm on the right and 10.93 mm on the left, respectively. Distances between spinous process and intersection of vertebral artery with horizontal part were 35.79 mm on the right and 36.63 mm on the left laterally, and 22.27 mm on the right and 22.62 mm on the left medially. MDCT angiography is a powerful test to demonstrate the vasculature of the head and neck. Bony structures and adjacent vessel morphology can be evaluated by this technique. The evaluation of craniocervical region prior to surgery with MDCT may be helpful to avoid intraoperative vascular injuries.</subfield>
  </datafield>
  <datafield tag="100" ind1=" " ind2=" ">
    <subfield code="a">Demet Kiresi</subfield>
  </datafield>
  <datafield tag="700" ind1=" " ind2=" ">
    <subfield code="a">Serter Gumus</subfield>
  </datafield>
  <datafield tag="700" ind1=" " ind2=" ">
    <subfield code="a">Sahika Liva Cengiz</subfield>
  </datafield>
  <datafield tag="700" ind1=" " ind2=" ">
    <subfield code="a">Aynur Cicekcibasi</subfield>
  </datafield>
  <datafield tag="653" ind1="1" ind2=" ">
    <subfield code="a">Adult</subfield>
  </datafield>
  <datafield tag="653" ind1="1" ind2=" ">
    <subfield code="a">Aged</subfield>
  </datafield>
  <datafield tag="653" ind1="1" ind2=" ">
    <subfield code="a">female</subfield>
  </datafield>
  <datafield tag="653" ind1="1" ind2=" ">
    <subfield code="a">Head</subfield>
  </datafield>
  <datafield tag="653" ind1="1" ind2=" ">
    <subfield code="a">Humans</subfield>
  </datafield>
  <datafield tag="653" ind1="1" ind2=" ">
    <subfield code="a">Imaging, Three-Dimensional</subfield>
  </datafield>
  <datafield tag="653" ind1="1" ind2=" ">
    <subfield code="a">male</subfield>
  </datafield>
  <datafield tag="653" ind1="1" ind2=" ">
    <subfield code="a">Middle Aged</subfield>
  </datafield>
  <datafield tag="653" ind1="1" ind2=" ">
    <subfield code="a">Neck</subfield>
  </datafield>
  <datafield tag="653" ind1="1" ind2=" ">
    <subfield code="a">Radiographic Image Interpretation, Computer-Assisted</subfield>
  </datafield>
  <datafield tag="653" ind1="1" ind2=" ">
    <subfield code="a">Radionuclide Angiography</subfield>
  </datafield>
  <datafield tag="653" ind1="1" ind2=" ">
    <subfield code="a">Tomography, X-Ray Computed</subfield>
  </datafield>
  <datafield tag="653" ind1="1" ind2=" ">
    <subfield code="a">Vertebral Artery</subfield>
  </datafield>
  <datafield tag="902" ind1=" " ind2=" ">
    <subfield code="a">Department of Radiology, Selcuk University Meram Faculty of Medicine, Konya, Turkey. drdemet25@hotmail.com</subfield>
  </datafield>
  <datafield tag="909" ind1="C" ind2="4">
    <subfield code="p">Computerized medical imaging and graphics : the official journal of the Computerized Medical Imaging Society</subfield>
    <subfield code="v">33</subfield>
    <subfield code="c"></subfield>
    <subfield code="n">5</subfield>
    <subfield code="y">2009-07-01</subfield>
  </datafield>
  <datafield tag="041" ind1=" " ind2=" ">
    <subfield code="a">eng</subfield>
  </datafield>
  <datafield tag="980" ind1=" " ind2=" ">
    <subfield code="a">ARTICLE</subfield>
  </datafield>
  <datafield tag="980" ind1=" " ind2=" ">
    <subfield code="a">PUBMED</subfield>
  </datafield>
  <datafield tag="650" ind1=" " ind2="7">
    <subfield code="a">Journal Article</subfield>
  </datafield>
</record>