
<record>
  
  
  <datafield tag="022" ind1=" " ind2=" ">
    <subfield code="a">1527-3326</subfield>
  </datafield>
  <datafield tag="024" ind1="7" ind2=" ">
    <subfield code="a">10.1016/j.ssnmr.2009.03.001</subfield>
    <subfield code="2">DOI</subfield>
  </datafield>
  <datafield tag="035" ind1=" " ind2=" ">
    <subfield code="a">19394802</subfield>
    <subfield code="9">PMC</subfield>
  </datafield>
  <datafield tag="245" ind1=" " ind2=" ">
    <subfield code="a">Solid-state NMR investigations of Si-29 and N-15 enriched silicon nitride.</subfield>
  </datafield>
  <datafield tag="260" ind1=" " ind2=" ">
    <subfield code="c">2009-07-31</subfield>
  </datafield>
  <datafield tag="520" ind1=" " ind2=" ">
    <subfield code="a">We compare (29)Si magic-angle spinning (MAS) nuclear magnetic resonance (NMR) spectra from the two modifications of silicon nitride, alpha-Si(3)N(4) and beta-Si(3)N(4), with that of a fully ((29)Si, (15)N)-enriched sample (29)Si(3)(15)N(4), as well as (15)N NMR spectra of Si(3)(15)N(4) (having (29)Si at natural abundance) and (29)Si(3)(15)N(4). We show that the (15)N NMR peak-widths from the latter are dominated by J((29)Si-(15)N) through-bond interactions, leading to significantly broader NMR signals compared to those of Si(3)(15)N(4). By fitting calculated (29)Si NMR spectra to experimental ones, we obtained an estimated coupling constant J((29)Si-(15)N) of 20Hz. We provide (29)Si spin-lattice (T(1)) relaxation data for the (29)Si(3)(15)N(4) sample and chemical shift anisotropy results for the (29)Si site of beta-Si(3)N(4). Various factors potentially contributing to the (29)Si and (15)N NMR peak-widths of the various silicon nitride specimens are discussed. We also provide powder X-ray diffraction (XRD) and mass spectrometry data of the samples.</subfield>
  </datafield>
  <datafield tag="100" ind1=" " ind2=" ">
    <subfield code="a">Ekaterina Leonova</subfield>
  </datafield>
  <datafield tag="700" ind1=" " ind2=" ">
    <subfield code="a">Jekabs Grins</subfield>
  </datafield>
  <datafield tag="700" ind1=" " ind2=" ">
    <subfield code="a">Mohammadreza Shariatgorji</subfield>
  </datafield>
  <datafield tag="700" ind1=" " ind2=" ">
    <subfield code="a">Leopold L Ilag</subfield>
  </datafield>
  <datafield tag="700" ind1=" " ind2=" ">
    <subfield code="a">Mattias Edén</subfield>
  </datafield>
  <datafield tag="902" ind1=" " ind2=" ">
    <subfield code="a">Physical Chemistry Division, Arrhenius Laboratory, Stockholm University, SE-106 91 Stockholm, Sweden.</subfield>
  </datafield>
  <datafield tag="909" ind1="C" ind2="4">
    <subfield code="p">Solid state nuclear magnetic resonance</subfield>
    <subfield code="v">36</subfield>
    <subfield code="c"></subfield>
    <subfield code="n">1</subfield>
    <subfield code="y">2009-09-01</subfield>
  </datafield>
  <datafield tag="041" ind1=" " ind2=" ">
    <subfield code="a">eng</subfield>
  </datafield>
  <datafield tag="980" ind1=" " ind2=" ">
    <subfield code="a">ARTICLE</subfield>
  </datafield>
  <datafield tag="980" ind1=" " ind2=" ">
    <subfield code="a">PUBMED</subfield>
  </datafield>
  <datafield tag="650" ind1=" " ind2="7">
    <subfield code="a">Journal Article</subfield>
  </datafield>
</record>