
<record>
  
  
  <datafield tag="022" ind1=" " ind2=" ">
    <subfield code="a">1873-4367</subfield>
  </datafield>
  <datafield tag="024" ind1="7" ind2=" ">
    <subfield code="a">10.1016/j.colsurfb.2009.03.013</subfield>
    <subfield code="2">DOI</subfield>
  </datafield>
  <datafield tag="035" ind1=" " ind2=" ">
    <subfield code="a">19394803</subfield>
    <subfield code="9">PMC</subfield>
  </datafield>
  <datafield tag="245" ind1=" " ind2=" ">
    <subfield code="a">Selective adsorption of plant cysteine peptidases onto TiO2.</subfield>
  </datafield>
  <datafield tag="260" ind1=" " ind2=" ">
    <subfield code="c">2009-06-03</subfield>
  </datafield>
  <datafield tag="520" ind1=" " ind2=" ">
    <subfield code="a">A crude extract rich in plant cysteine peptidases was obtained from the latex of the fruits of Araujia hortorum, a South American climbing plant. The highly concentrated extract was immobilized onto titanium dioxide to produce biocatalysts through a simple adsorption procedure. Absorbance measurement at 280 nm and Bradford's method for protein quantification revealed that the protein content of the crude extract was selectively adsorbed onto the titanium dioxide surface at a very high rate. In 5 min of contact with the support all protein present in the crude extract was selectively withdrawn from the solution, leading to an immobilized biocatalyst with a high protein concentration. Caseinolytic assays indicated that, except for the catalyst obtained with the highest crude amount contacted with the support, all the proteolytic activity present in the crude extract was adsorbed onto TiO(2). The amidasic activity of the immobilized catalysts (Ah/TiO(2)) was tested in the hydrolysis of a synthetic chromogenic substrate (PFLNA) showing partial deactivation with respect to the native enzyme. In amidasic activity assays the ionic strength of the buffer medium showed to be a key feature to consider in order to avoid protease desorption from the support, indicating the importance of electrostatic interactions between the enzymes and TiO(2). Reuse of the produced biocatalysts with PFLNA as substrate revealed that after five successive uses Ah/TiO(2) retained more than 20% of its initial activity.</subfield>
  </datafield>
  <datafield tag="100" ind1=" " ind2=" ">
    <subfield code="a">C R F Llerena-Suster</subfield>
  </datafield>
  <datafield tag="700" ind1=" " ind2=" ">
    <subfield code="a">M L Foresti</subfield>
  </datafield>
  <datafield tag="700" ind1=" " ind2=" ">
    <subfield code="a">L E Briand</subfield>
  </datafield>
  <datafield tag="700" ind1=" " ind2=" ">
    <subfield code="a">S R Morcelle</subfield>
  </datafield>
  <datafield tag="653" ind1="1" ind2=" ">
    <subfield code="a">Adsorption</subfield>
  </datafield>
  <datafield tag="653" ind1="1" ind2=" ">
    <subfield code="a">Amidohydrolases</subfield>
  </datafield>
  <datafield tag="653" ind1="1" ind2=" ">
    <subfield code="a">Asclepiadaceae</subfield>
  </datafield>
  <datafield tag="653" ind1="1" ind2=" ">
    <subfield code="a">Biocatalysis</subfield>
  </datafield>
  <datafield tag="653" ind1="1" ind2=" ">
    <subfield code="a">Caseins</subfield>
  </datafield>
  <datafield tag="653" ind1="1" ind2=" ">
    <subfield code="a">Cysteine Endopeptidases</subfield>
  </datafield>
  <datafield tag="653" ind1="1" ind2=" ">
    <subfield code="a">Enzymes, Immobilized</subfield>
  </datafield>
  <datafield tag="653" ind1="1" ind2=" ">
    <subfield code="a">Molecular Weight</subfield>
  </datafield>
  <datafield tag="653" ind1="1" ind2=" ">
    <subfield code="a">Plant Extracts</subfield>
  </datafield>
  <datafield tag="653" ind1="1" ind2=" ">
    <subfield code="a">Solutions</subfield>
  </datafield>
  <datafield tag="653" ind1="1" ind2=" ">
    <subfield code="a">Spectrophotometry, Ultraviolet</subfield>
  </datafield>
  <datafield tag="653" ind1="1" ind2=" ">
    <subfield code="a">Time Factors</subfield>
  </datafield>
  <datafield tag="653" ind1="1" ind2=" ">
    <subfield code="a">Titanium</subfield>
  </datafield>
  <datafield tag="902" ind1=" " ind2=" ">
    <subfield code="a">Depto de Cs Biológicas, Fac Cs Exactas, Laboratorio de Investigación de Proteínas Vegetales,Universidad Nacional de La Plata, La Plata, Argentina.</subfield>
  </datafield>
  <datafield tag="909" ind1="C" ind2="4">
    <subfield code="p">Colloids and surfaces. B, Biointerfaces</subfield>
    <subfield code="v">72</subfield>
    <subfield code="c"></subfield>
    <subfield code="n">1</subfield>
    <subfield code="y">2009-08-01</subfield>
  </datafield>
  <datafield tag="041" ind1=" " ind2=" ">
    <subfield code="a">eng</subfield>
  </datafield>
  <datafield tag="980" ind1=" " ind2=" ">
    <subfield code="a">ARTICLE</subfield>
  </datafield>
  <datafield tag="980" ind1=" " ind2=" ">
    <subfield code="a">PUBMED</subfield>
  </datafield>
  <datafield tag="650" ind1=" " ind2="7">
    <subfield code="a">Journal Article</subfield>
  </datafield>
</record>