
<record>
  
  
  <datafield tag="022" ind1=" " ind2=" ">
    <subfield code="a">1873-2720</subfield>
  </datafield>
  <datafield tag="024" ind1="7" ind2=" ">
    <subfield code="a">10.1016/j.zool.2008.10.003</subfield>
    <subfield code="2">DOI</subfield>
  </datafield>
  <datafield tag="035" ind1=" " ind2=" ">
    <subfield code="a">19394805</subfield>
    <subfield code="9">PMC</subfield>
  </datafield>
  <datafield tag="245" ind1=" " ind2=" ">
    <subfield code="a">Postembryonic development of the auditory system of the cicada Okanagana rimosa (Say) (Homoptera: Auchenorrhyncha: Cicadidae).</subfield>
  </datafield>
  <datafield tag="260" ind1=" " ind2=" ">
    <subfield code="c">2009-05-25</subfield>
  </datafield>
  <datafield tag="520" ind1=" " ind2=" ">
    <subfield code="a">Cicadas (Homoptera: Auchenorrhyncha: Cicadidae) use acoustic signalling for mate attraction and perceive auditory signals by a tympanal organ in the second abdominal segment. The main structural features of the ear are the tympanum, the sensory organ consisting of numerous scolopidial cells, and the cuticular link between sensory neurones and tympanum (tympanal ridge and apodeme). Here, a first investigation of the postembryonic development of the auditory system is presented. In insects, sensory neurones usually differentiate during embryogenesis, and sound-perceiving structures form during postembryogenesis. Cicadas have an elongated and subterranian postembryogenesis which can take several years until the final moult. The neuroanatomy and functional morphology of the auditory system of the cicada Okanagana rimosa (Say) are documented for the adult and the three last larval stages. The sensory organ and the projection of sensory afferents to the CNS are present in the earliest stages investigated. The cuticular structures of the tympanum, the tympanal frame holding the tympanum, and the tympanal ridge differentiate in the later stages of postembryogenesis. Thus, despite the different life styles of larvae and adults, the neuronal components of the cicada auditory system develop already during embryogenesis or early postembryogenesis, and sound-perceiving structures like tympana are elaborated later in postembryogenesis. The life cycle allows comparison of cicada development to other hemimetabolous insects with respect to the influence of specially adapted life cycle stages on auditory maturation. The neuronal development of the auditory system conforms to the timing in other hemimetabolous insects.</subfield>
  </datafield>
  <datafield tag="100" ind1=" " ind2=" ">
    <subfield code="a">Johannes Strauss</subfield>
  </datafield>
  <datafield tag="700" ind1=" " ind2=" ">
    <subfield code="a">Reinhard Lakes-Harlan</subfield>
  </datafield>
  <datafield tag="653" ind1="1" ind2=" ">
    <subfield code="a">Animals</subfield>
  </datafield>
  <datafield tag="653" ind1="1" ind2=" ">
    <subfield code="a">Auditory Pathways</subfield>
  </datafield>
  <datafield tag="653" ind1="1" ind2=" ">
    <subfield code="a">Ear</subfield>
  </datafield>
  <datafield tag="653" ind1="1" ind2=" ">
    <subfield code="a">female</subfield>
  </datafield>
  <datafield tag="653" ind1="1" ind2=" ">
    <subfield code="a">Hemiptera</subfield>
  </datafield>
  <datafield tag="653" ind1="1" ind2=" ">
    <subfield code="a">Larva</subfield>
  </datafield>
  <datafield tag="653" ind1="1" ind2=" ">
    <subfield code="a">Mechanoreceptors</subfield>
  </datafield>
  <datafield tag="902" ind1=" " ind2=" ">
    <subfield code="a">AG Integrative Sinnesphysiologie, Institut für Tierphysiologie, Justus-Liebig-Universität Giessen, Wartweg 95, Giessen, Germany. Johannes.Strauss@zoologi.su.se</subfield>
  </datafield>
  <datafield tag="909" ind1="C" ind2="4">
    <subfield code="p">Zoology (Jena, Germany)</subfield>
    <subfield code="v">112</subfield>
    <subfield code="c"></subfield>
    <subfield code="n">4</subfield>
    <subfield code="y">2009-01-01</subfield>
  </datafield>
  <datafield tag="041" ind1=" " ind2=" ">
    <subfield code="a">eng</subfield>
  </datafield>
  <datafield tag="980" ind1=" " ind2=" ">
    <subfield code="a">ARTICLE</subfield>
  </datafield>
  <datafield tag="980" ind1=" " ind2=" ">
    <subfield code="a">PUBMED</subfield>
  </datafield>
  <datafield tag="650" ind1=" " ind2="7">
    <subfield code="a">Journal Article</subfield>
  </datafield>
</record>