
<record>
  
  
  <datafield tag="022" ind1=" " ind2=" ">
    <subfield code="a">1879-2456</subfield>
  </datafield>
  <datafield tag="024" ind1="7" ind2=" ">
    <subfield code="a">10.1016/j.wasman.2009.03.025</subfield>
    <subfield code="2">DOI</subfield>
  </datafield>
  <datafield tag="035" ind1=" " ind2=" ">
    <subfield code="a">19394808</subfield>
    <subfield code="9">PMC</subfield>
  </datafield>
  <datafield tag="245" ind1=" " ind2=" ">
    <subfield code="a">Factors affecting degradation of polyethylene terephthalate (PET) during pre-flotation conditioning.</subfield>
  </datafield>
  <datafield tag="260" ind1=" " ind2=" ">
    <subfield code="c">2009-07-20</subfield>
  </datafield>
  <datafield tag="520" ind1=" " ind2=" ">
    <subfield code="a">In general, plastics are exposed to different degrading agents in every procedure involved in their recovery from waste mixture and from subsequent recycling. In this study, two methods of pre-flotation conditioning were used to determine how these methods affect the general properties of the pre-conditioned PET particles to be recovered from the PET-PVC mixture. The first method comprised the conditioning of PET samples using an alkaline solution of nonionic surfactant (Triton X-100) based on the patent by the Goodyear Tire and Rubber Company. The second method, developed in this study, was a conditioning process which used an alkali-less solution of the same nonionic surfactant (Triton X-100) used in the first method. The following analytical methods were used to characterize properties of the pre-conditioned PET samples that were correlated to relative degradation of the samples: differential scanning calorimetry (DSC), for thermal behavior of the samples; FT-IR spectroscopy, for functional groups present in the samples; and, Pohl's method, for carboxyl end-group concentration count. Results show that in addition to water the presence of NaOH in the conditioning solution contributes to the further degradation of the polymer.</subfield>
  </datafield>
  <datafield tag="100" ind1=" " ind2=" ">
    <subfield code="a">Alvin R Caparanga</subfield>
  </datafield>
  <datafield tag="700" ind1=" " ind2=" ">
    <subfield code="a">Blessie A Basilia</subfield>
  </datafield>
  <datafield tag="700" ind1=" " ind2=" ">
    <subfield code="a">Kevin B Dagbay</subfield>
  </datafield>
  <datafield tag="700" ind1=" " ind2=" ">
    <subfield code="a">Jonathan W L Salvacion</subfield>
  </datafield>
  <datafield tag="653" ind1="1" ind2=" ">
    <subfield code="a">Calorimetry, Differential Scanning</subfield>
  </datafield>
  <datafield tag="653" ind1="1" ind2=" ">
    <subfield code="a">Carbon Dioxide</subfield>
  </datafield>
  <datafield tag="653" ind1="1" ind2=" ">
    <subfield code="a">Hydrolysis</subfield>
  </datafield>
  <datafield tag="653" ind1="1" ind2=" ">
    <subfield code="a">Industrial Waste</subfield>
  </datafield>
  <datafield tag="653" ind1="1" ind2=" ">
    <subfield code="a">Octoxynol</subfield>
  </datafield>
  <datafield tag="653" ind1="1" ind2=" ">
    <subfield code="a">Polyethylene Terephthalates</subfield>
  </datafield>
  <datafield tag="653" ind1="1" ind2=" ">
    <subfield code="a">Sodium Hydroxide</subfield>
  </datafield>
  <datafield tag="653" ind1="1" ind2=" ">
    <subfield code="a">Spectroscopy, Fourier Transform Infrared</subfield>
  </datafield>
  <datafield tag="653" ind1="1" ind2=" ">
    <subfield code="a">Waste Management</subfield>
  </datafield>
  <datafield tag="902" ind1=" " ind2=" ">
    <subfield code="a">School of Chemical Engineering and Chemistry, Mapúa Institute of Technology, Intramuros, Manila 1002, Philippines. arcaparanga@mapua.edu.ph</subfield>
  </datafield>
  <datafield tag="909" ind1="C" ind2="4">
    <subfield code="p">Waste management (New York, N.Y.)</subfield>
    <subfield code="v">29</subfield>
    <subfield code="c"></subfield>
    <subfield code="n">9</subfield>
    <subfield code="y">2009-09-01</subfield>
  </datafield>
  <datafield tag="041" ind1=" " ind2=" ">
    <subfield code="a">eng</subfield>
  </datafield>
  <datafield tag="980" ind1=" " ind2=" ">
    <subfield code="a">ARTICLE</subfield>
  </datafield>
  <datafield tag="980" ind1=" " ind2=" ">
    <subfield code="a">PUBMED</subfield>
  </datafield>
  <datafield tag="650" ind1=" " ind2="7">
    <subfield code="a">Journal Article</subfield>
  </datafield>
</record>