
<record>
  
  
  <datafield tag="022" ind1=" " ind2=" ">
    <subfield code="a">1873-4235</subfield>
  </datafield>
  <datafield tag="024" ind1="7" ind2=" ">
    <subfield code="a">10.1016/j.bios.2009.03.033</subfield>
    <subfield code="2">DOI</subfield>
  </datafield>
  <datafield tag="035" ind1=" " ind2=" ">
    <subfield code="a">19394809</subfield>
    <subfield code="9">PMC</subfield>
  </datafield>
  <datafield tag="245" ind1=" " ind2=" ">
    <subfield code="a">Superparamagnetic microsphere-assisted fluoroimmunoassay for rapid assessment of acute myocardial infarction.</subfield>
  </datafield>
  <datafield tag="260" ind1=" " ind2=" ">
    <subfield code="c">2009-05-19</subfield>
  </datafield>
  <datafield tag="520" ind1=" " ind2=" ">
    <subfield code="a">Rapid assessment of acute myocardial infarction (AMI) was successfully demonstrated using an improved superparamagnetic polymer microsphere-assisted sandwich fluoroimmunoassay to detect two early cardiac markers-myoglobin and human heart-type fatty acid binding protein (H-FABP). This assay used a preparation of superparamagnetic poly(styrene-divinylbenzene-acrylamide) microspheres, glutaraldehyde-coupled capture antibodies (monoclonal anti-myoglobin 7C3 and anti-H-FABP 10E1) grafted onto the polymer microspheres, and a sequential sandwich fluoroimmunoassay using detection antibodies (FITC-labeled anti-myoglobin 4E2 and FITC-labeled anti-H-FABP 9F3). Characterization of the polymer microspheres by TEM, SEM and Fourier transform infrared spectroscopy (FT-IR) showed that the microspheres were uniformly round with an average diameter of 1.12 microm, and had a Fe(3)O(4)-polymer core-shell structure (shell thickness was about 84 nm) with 0.22 mmol/g amino groups on their surfaces. The magnetic behavior of the Fe(3)O(4)-polymer microspheres was superparamagnetic (M(s)=13 emu/g, H(c)=13.1 Oe). Fluorescence images of the post-immunoassay microspheres recorded using a confocal laser-scanning microscope showed that the average fluorescence intensity was correlated with the concentration of cardiac markers, in agreement with the results obtained by an F-4500 FL spectrophotometer; this indicated that the fluoroimmunoassay could be used to semi-quantitatively detect both myoglobin and H-FABP. The detection limit was 25 ng/mL for myoglobin and 1 ng/mL for H-FABP.</subfield>
  </datafield>
  <datafield tag="100" ind1=" " ind2=" ">
    <subfield code="a">Jinyi Wang</subfield>
  </datafield>
  <datafield tag="700" ind1=" " ind2=" ">
    <subfield code="a">Li Ren</subfield>
  </datafield>
  <datafield tag="700" ind1=" " ind2=" ">
    <subfield code="a">Xueqin Wang</subfield>
  </datafield>
  <datafield tag="700" ind1=" " ind2=" ">
    <subfield code="a">Qiang Wang</subfield>
  </datafield>
  <datafield tag="700" ind1=" " ind2=" ">
    <subfield code="a">Zongfang Wan</subfield>
  </datafield>
  <datafield tag="700" ind1=" " ind2=" ">
    <subfield code="a">Li Li</subfield>
  </datafield>
  <datafield tag="700" ind1=" " ind2=" ">
    <subfield code="a">Wenming Liu</subfield>
  </datafield>
  <datafield tag="700" ind1=" " ind2=" ">
    <subfield code="a">Xuming Wang</subfield>
  </datafield>
  <datafield tag="700" ind1=" " ind2=" ">
    <subfield code="a">Manlin Li</subfield>
  </datafield>
  <datafield tag="700" ind1=" " ind2=" ">
    <subfield code="a">Dewen Tong</subfield>
  </datafield>
  <datafield tag="700" ind1=" " ind2=" ">
    <subfield code="a">Ajing Liu</subfield>
  </datafield>
  <datafield tag="700" ind1=" " ind2=" ">
    <subfield code="a">Bingbing Shang</subfield>
  </datafield>
  <datafield tag="653" ind1="1" ind2=" ">
    <subfield code="a">Biological Markers</subfield>
  </datafield>
  <datafield tag="653" ind1="1" ind2=" ">
    <subfield code="a">Blood Chemical Analysis</subfield>
  </datafield>
  <datafield tag="653" ind1="1" ind2=" ">
    <subfield code="a">Fatty Acid-Binding Proteins</subfield>
  </datafield>
  <datafield tag="653" ind1="1" ind2=" ">
    <subfield code="a">Ferric Compounds</subfield>
  </datafield>
  <datafield tag="653" ind1="1" ind2=" ">
    <subfield code="a">Fluoroimmunoassay</subfield>
  </datafield>
  <datafield tag="653" ind1="1" ind2=" ">
    <subfield code="a">Humans</subfield>
  </datafield>
  <datafield tag="653" ind1="1" ind2=" ">
    <subfield code="a">Magnetics</subfield>
  </datafield>
  <datafield tag="653" ind1="1" ind2=" ">
    <subfield code="a">Microscopy, Electron, Scanning</subfield>
  </datafield>
  <datafield tag="653" ind1="1" ind2=" ">
    <subfield code="a">microspheres</subfield>
  </datafield>
  <datafield tag="653" ind1="1" ind2=" ">
    <subfield code="a">Myocardial Infarction</subfield>
  </datafield>
  <datafield tag="653" ind1="1" ind2=" ">
    <subfield code="a">Myoglobin</subfield>
  </datafield>
  <datafield tag="653" ind1="1" ind2=" ">
    <subfield code="a">Polystyrenes</subfield>
  </datafield>
  <datafield tag="902" ind1=" " ind2=" ">
    <subfield code="a">College of Veterinary Medicine, Northwest A&amp;F University, Yangling, Shaanxi 712100, PR China. jywang@nwsuaf.edu.cn</subfield>
  </datafield>
  <datafield tag="909" ind1="C" ind2="4">
    <subfield code="p">Biosensors &amp; bioelectronics</subfield>
    <subfield code="v">24</subfield>
    <subfield code="c"></subfield>
    <subfield code="n">10</subfield>
    <subfield code="y">2009-06-15</subfield>
  </datafield>
  <datafield tag="041" ind1=" " ind2=" ">
    <subfield code="a">eng</subfield>
  </datafield>
  <datafield tag="980" ind1=" " ind2=" ">
    <subfield code="a">ARTICLE</subfield>
  </datafield>
  <datafield tag="980" ind1=" " ind2=" ">
    <subfield code="a">PUBMED</subfield>
  </datafield>
  <datafield tag="650" ind1=" " ind2="7">
    <subfield code="a">Journal Article</subfield>
  </datafield>
</record>