
<record>
  
  
  <datafield tag="022" ind1=" " ind2=" ">
    <subfield code="a">1879-0852</subfield>
  </datafield>
  <datafield tag="024" ind1="7" ind2=" ">
    <subfield code="a">10.1016/j.ejca.2009.03.010</subfield>
    <subfield code="2">DOI</subfield>
  </datafield>
  <datafield tag="035" ind1=" " ind2=" ">
    <subfield code="a">19394813</subfield>
    <subfield code="9">PMC</subfield>
  </datafield>
  <datafield tag="245" ind1=" " ind2=" ">
    <subfield code="a">Germline variations of the MALT1 gene as risk factors in the development of primary gastric B-cell lymphoma.</subfield>
  </datafield>
  <datafield tag="260" ind1=" " ind2=" ">
    <subfield code="c">2009-06-22</subfield>
  </datafield>
  <datafield tag="520" ind1=" " ind2=" ">
    <subfield code="a">Gastric mucosa-associated lymphoid tissue (MALT) lymphoma is a histologically distinct tumour derived from MALT acquired as a result of Helicobacter pylori infection. The genetic susceptibility to develop primary gastric B-cell lymphoma in patients with chronic H. pylori infection is unknown. MALT1 plays a key role in malignant B-cell transformation and lymphoma progression. Thus, we investigated germline variations of MALT1 as risk factors for gastric lymphoma in a large cohort from a European multicentre study and in total 214 lymphoma patients, 593 H. pylori infected controls and 348 healthy blood donors were genotyped for four single nucleotide polymorphisms (SNPs) covering the MALT1 locus by Taqman technology. Haplotype and single marker analyses were conducted for association testing in a case-control setting. A distinct haplotype was identified that showed a trend towards protection from high-grade and low-grade lymphomas. In single marker analysis individuals homozygous for the rare allele G of SNP3 (rs12969413) were significantly protected only from gastric high-grade lymphoma compared with controls (p=0.002, odds ratio (OR): 0.2, Wald 95% confidence interval (CI): 0.1&lt;OR&lt;0.6). This association could not be confirmed in a second independent cohort of high-grade lymphoma patients from the Lymph node registry in Kiel (p=0.531, OR: 0.8, Wald 95% CI: 0.4&lt;OR&lt;1.5). Due to the fact that SNPs 2, 3 and 4 are arranged in one LD block exhibiting nearly complete linkage disequilibrium it is rather unlikely that germline variations of MALT1 might be involved in the pathogenesis of gastric lymphoma. This is the first genetic association study that investigated polymorphisms of MALT1 as genetic risk factors in the development of primary gastric lymphoma.</subfield>
  </datafield>
  <datafield tag="100" ind1=" " ind2=" ">
    <subfield code="a">Stephan Hellmig</subfield>
  </datafield>
  <datafield tag="700" ind1=" " ind2=" ">
    <subfield code="a">Tobias Bartscht</subfield>
  </datafield>
  <datafield tag="700" ind1=" " ind2=" ">
    <subfield code="a">Wolfgang Fischbach</subfield>
  </datafield>
  <datafield tag="700" ind1=" " ind2=" ">
    <subfield code="a">Stephan Johannes Ott</subfield>
  </datafield>
  <datafield tag="700" ind1=" " ind2=" ">
    <subfield code="a">Philip Rosenstiel</subfield>
  </datafield>
  <datafield tag="700" ind1=" " ind2=" ">
    <subfield code="a">Wolfram Klapper</subfield>
  </datafield>
  <datafield tag="700" ind1=" " ind2=" ">
    <subfield code="a">Ulrich Robert Fölsch</subfield>
  </datafield>
  <datafield tag="700" ind1=" " ind2=" ">
    <subfield code="a">Stefan Schreiber</subfield>
  </datafield>
  <datafield tag="653" ind1="1" ind2=" ">
    <subfield code="a">Adult</subfield>
  </datafield>
  <datafield tag="653" ind1="1" ind2=" ">
    <subfield code="a">Aged</subfield>
  </datafield>
  <datafield tag="653" ind1="1" ind2=" ">
    <subfield code="a">Caspases</subfield>
  </datafield>
  <datafield tag="653" ind1="1" ind2=" ">
    <subfield code="a">female</subfield>
  </datafield>
  <datafield tag="653" ind1="1" ind2=" ">
    <subfield code="a">Gastritis</subfield>
  </datafield>
  <datafield tag="653" ind1="1" ind2=" ">
    <subfield code="a">Genetic Predisposition to Disease</subfield>
  </datafield>
  <datafield tag="653" ind1="1" ind2=" ">
    <subfield code="a">Genotype</subfield>
  </datafield>
  <datafield tag="653" ind1="1" ind2=" ">
    <subfield code="a">Germ-Line Mutation</subfield>
  </datafield>
  <datafield tag="653" ind1="1" ind2=" ">
    <subfield code="a">Haplotypes</subfield>
  </datafield>
  <datafield tag="653" ind1="1" ind2=" ">
    <subfield code="a">Helicobacter Infections</subfield>
  </datafield>
  <datafield tag="653" ind1="1" ind2=" ">
    <subfield code="a">Helicobacter pylori</subfield>
  </datafield>
  <datafield tag="653" ind1="1" ind2=" ">
    <subfield code="a">Humans</subfield>
  </datafield>
  <datafield tag="653" ind1="1" ind2=" ">
    <subfield code="a">Linkage Disequilibrium</subfield>
  </datafield>
  <datafield tag="653" ind1="1" ind2=" ">
    <subfield code="a">Lymphoma, B-Cell, Marginal Zone</subfield>
  </datafield>
  <datafield tag="653" ind1="1" ind2=" ">
    <subfield code="a">male</subfield>
  </datafield>
  <datafield tag="653" ind1="1" ind2=" ">
    <subfield code="a">Middle Aged</subfield>
  </datafield>
  <datafield tag="653" ind1="1" ind2=" ">
    <subfield code="a">Neoplasm Proteins</subfield>
  </datafield>
  <datafield tag="653" ind1="1" ind2=" ">
    <subfield code="a">Polymorphism, Single Nucleotide</subfield>
  </datafield>
  <datafield tag="653" ind1="1" ind2=" ">
    <subfield code="a">Risk factors</subfield>
  </datafield>
  <datafield tag="653" ind1="1" ind2=" ">
    <subfield code="a">Stomach Neoplasms</subfield>
  </datafield>
  <datafield tag="902" ind1=" " ind2=" ">
    <subfield code="a">Department of General Internal Medicine, University Hospital of Schleswig-Holstein, Kiel, Germany. shellmig@1med.uni-kiel.de</subfield>
  </datafield>
  <datafield tag="909" ind1="C" ind2="4">
    <subfield code="p">European journal of cancer (Oxford, England : 1990)</subfield>
    <subfield code="v">45</subfield>
    <subfield code="c"></subfield>
    <subfield code="n">10</subfield>
    <subfield code="y">2009-07-01</subfield>
  </datafield>
  <datafield tag="041" ind1=" " ind2=" ">
    <subfield code="a">eng</subfield>
  </datafield>
  <datafield tag="980" ind1=" " ind2=" ">
    <subfield code="a">ARTICLE</subfield>
  </datafield>
  <datafield tag="980" ind1=" " ind2=" ">
    <subfield code="a">PUBMED</subfield>
  </datafield>
  <datafield tag="650" ind1=" " ind2="7">
    <subfield code="a">Journal Article</subfield>
  </datafield>
</record>