
<record>
  
  
  <datafield tag="022" ind1=" " ind2=" ">
    <subfield code="a">1879-3320</subfield>
  </datafield>
  <datafield tag="024" ind1="7" ind2=" ">
    <subfield code="a">10.1016/j.suronc.2009.03.007</subfield>
    <subfield code="2">DOI</subfield>
  </datafield>
  <datafield tag="035" ind1=" " ind2=" ">
    <subfield code="a">19394815</subfield>
    <subfield code="9">PMC</subfield>
  </datafield>
  <datafield tag="245" ind1=" " ind2=" ">
    <subfield code="a">Drugs of anaesthesia and cancer.</subfield>
  </datafield>
  <datafield tag="260" ind1=" " ind2=" ">
    <subfield code="c">2010-05-31</subfield>
  </datafield>
  <datafield tag="520" ind1=" " ind2=" ">
    <subfield code="a">Anaesthesia represents one of the most important medical advances in history, and, nowadays, can widely be considered safe, thanks to the discovery of new drugs and the adoption of modern technologies. Nevertheless, anaesthetic practices still represent cause for concern regarding the consequences they produce. Various anaesthetics are frequently used without knowing their effects on specific diseases: despite having been reported that invasion or metastasis of cancer cells easily occurs during surgical procedures, numerous anaesthetics are used for cancer resection even if their effect on the behaviour of cancer cells is unclear. Guidelines for a proper use of anaesthetics in cancer surgery are not available, therefore, the aim of the present review is to survey available up-to-date information on the effects of the most used drugs in anaesthesia (volatile and intravenous anaesthetics, nitrous oxide, opioids, local anaesthetics and neuromuscular blocking drugs) in correlation to cancer. This kind of knowledge could be a basic valuable support to improve anaesthesia performance and patient safety.</subfield>
  </datafield>
  <datafield tag="100" ind1=" " ind2=" ">
    <subfield code="a">Letterio B Santamaria</subfield>
  </datafield>
  <datafield tag="700" ind1=" " ind2=" ">
    <subfield code="a">Daniela Schifilliti</subfield>
  </datafield>
  <datafield tag="700" ind1=" " ind2=" ">
    <subfield code="a">Domenico La Torre</subfield>
  </datafield>
  <datafield tag="700" ind1=" " ind2=" ">
    <subfield code="a">Vincenzo Fodale</subfield>
  </datafield>
  <datafield tag="653" ind1="1" ind2=" ">
    <subfield code="a">Analgesics, Opioid</subfield>
  </datafield>
  <datafield tag="653" ind1="1" ind2=" ">
    <subfield code="a">Anesthesia, Conduction</subfield>
  </datafield>
  <datafield tag="653" ind1="1" ind2=" ">
    <subfield code="a">Anesthesia, General</subfield>
  </datafield>
  <datafield tag="653" ind1="1" ind2=" ">
    <subfield code="a">Anesthesia, Intravenous</subfield>
  </datafield>
  <datafield tag="653" ind1="1" ind2=" ">
    <subfield code="a">Anesthetics</subfield>
  </datafield>
  <datafield tag="653" ind1="1" ind2=" ">
    <subfield code="a">Anesthetics, Inhalation</subfield>
  </datafield>
  <datafield tag="653" ind1="1" ind2=" ">
    <subfield code="a">Humans</subfield>
  </datafield>
  <datafield tag="653" ind1="1" ind2=" ">
    <subfield code="a">Neoplasms</subfield>
  </datafield>
  <datafield tag="653" ind1="1" ind2=" ">
    <subfield code="a">Neuromuscular Blocking Agents</subfield>
  </datafield>
  <datafield tag="653" ind1="1" ind2=" ">
    <subfield code="a">Nitrous Oxide</subfield>
  </datafield>
  <datafield tag="653" ind1="1" ind2=" ">
    <subfield code="a">prognosis</subfield>
  </datafield>
  <datafield tag="653" ind1="1" ind2=" ">
    <subfield code="a">risk</subfield>
  </datafield>
  <datafield tag="902" ind1=" " ind2=" ">
    <subfield code="a">Department of Neurosciences, Psychiatric and Anesthesiological Sciences, University of Messina, Via C.Valeria, Messina, Italy.</subfield>
  </datafield>
  <datafield tag="909" ind1="C" ind2="4">
    <subfield code="p">Surgical oncology</subfield>
    <subfield code="v">19</subfield>
    <subfield code="c"></subfield>
    <subfield code="n">2</subfield>
    <subfield code="y">2010-06-01</subfield>
  </datafield>
  <datafield tag="041" ind1=" " ind2=" ">
    <subfield code="a">eng</subfield>
  </datafield>
  <datafield tag="980" ind1=" " ind2=" ">
    <subfield code="a">ARTICLE</subfield>
  </datafield>
  <datafield tag="980" ind1=" " ind2=" ">
    <subfield code="a">PUBMED</subfield>
  </datafield>
  <datafield tag="650" ind1=" " ind2="7">
    <subfield code="a">Journal Article</subfield>
  </datafield>
</record>