
<record>
  
  
  <datafield tag="022" ind1=" " ind2=" ">
    <subfield code="a">1879-3320</subfield>
  </datafield>
  <datafield tag="024" ind1="7" ind2=" ">
    <subfield code="a">10.1016/j.suronc.2009.03.008</subfield>
    <subfield code="2">DOI</subfield>
  </datafield>
  <datafield tag="035" ind1=" " ind2=" ">
    <subfield code="a">19394816</subfield>
    <subfield code="9">PMC</subfield>
  </datafield>
  <datafield tag="245" ind1=" " ind2=" ">
    <subfield code="a">An overview of coagulation disorders in cancer patients.</subfield>
  </datafield>
  <datafield tag="260" ind1=" " ind2=" ">
    <subfield code="c">2010-02-17</subfield>
  </datafield>
  <datafield tag="520" ind1=" " ind2=" ">
    <subfield code="a">A diversity of coagulation disorders in cancer patients arise from tumor-specific growth characteristics, neoangiogenesis with impaired endothelial lining, defective myelopoiesis, hypoproteinemia or metastatic lesions growth with organ dysfunction. Recent investigations have found a clinically relevant correlation of coagulation disorders and tumor growth. These prompted new therapeutic strategies focused on growth factors with the aim to control tumor metastasis, particularly if used for the treatment of micrometastatic disease. However, such treatment may lead to the life threatening coagulation imbalance. A coagulation homeostasis may become further impaired after nonsurgical cancer therapy, especially after preoperative irradiation, which produces lesions precipitating both bleeding and thrombosis. Anticancer chemotherapy may affect liver function and decrease the synthesis of both procoagulation and anticoagulation factors. The most of chemotherapeutic protocols affect platelet synthesis, which arises as a principal dose-limiting side effect. It was observed both during combined systemic chemotherapy and local antitumor therapy. Although the side effects produced by chemotherapy are reversible, endothelial lesions may persist for many years after the anticancer treatment. Instead of cancer patients, there's a growing cohort of patients with nonmalignant diseases who use cytostatics in the perioperative period, and are candidates for surgical procedures not related to their malignant disease, i.e. hernia repair. In this patient population a special attention must be paid to the preoperative evaluation of coagulation status and thromboprophylaxis. This overview reminds the most common coagulation disorders in cancer patients in the perioperative period. It emphasizes the need for proper patient monitoring which may facilitate the diagnostics and treatment of cancer-related coagulation disorders in the perioperative setting.</subfield>
  </datafield>
  <datafield tag="100" ind1=" " ind2=" ">
    <subfield code="a">Slavica Kvolik</subfield>
  </datafield>
  <datafield tag="700" ind1=" " ind2=" ">
    <subfield code="a">Marko Jukic</subfield>
  </datafield>
  <datafield tag="700" ind1=" " ind2=" ">
    <subfield code="a">Marko Matijevic</subfield>
  </datafield>
  <datafield tag="700" ind1=" " ind2=" ">
    <subfield code="a">Ksenija Marjanovic</subfield>
  </datafield>
  <datafield tag="700" ind1=" " ind2=" ">
    <subfield code="a">Ljubica Glavas-Obrovac</subfield>
  </datafield>
  <datafield tag="653" ind1="1" ind2=" ">
    <subfield code="a">Angiogenesis Inhibitors</subfield>
  </datafield>
  <datafield tag="653" ind1="1" ind2=" ">
    <subfield code="a">Antineoplastic Agents</subfield>
  </datafield>
  <datafield tag="653" ind1="1" ind2=" ">
    <subfield code="a">Blood Coagulation Disorders</subfield>
  </datafield>
  <datafield tag="653" ind1="1" ind2=" ">
    <subfield code="a">Disseminated Intravascular Coagulation</subfield>
  </datafield>
  <datafield tag="653" ind1="1" ind2=" ">
    <subfield code="a">Endothelium, Vascular</subfield>
  </datafield>
  <datafield tag="653" ind1="1" ind2=" ">
    <subfield code="a">Fibrinolysis</subfield>
  </datafield>
  <datafield tag="653" ind1="1" ind2=" ">
    <subfield code="a">Humans</subfield>
  </datafield>
  <datafield tag="653" ind1="1" ind2=" ">
    <subfield code="a">Neoplasms</subfield>
  </datafield>
  <datafield tag="653" ind1="1" ind2=" ">
    <subfield code="a">Neovascularization, Pathologic</subfield>
  </datafield>
  <datafield tag="653" ind1="1" ind2=" ">
    <subfield code="a">Risk factors</subfield>
  </datafield>
  <datafield tag="653" ind1="1" ind2=" ">
    <subfield code="a">Thromboembolism</subfield>
  </datafield>
  <datafield tag="902" ind1=" " ind2=" ">
    <subfield code="a">Department of Anesthesiology and ICU, University Hospital Osijek, J. Huttlera 4, 31000 Osijek, Croatia. slavica.kvolik@os.t-com.hr</subfield>
  </datafield>
  <datafield tag="909" ind1="C" ind2="4">
    <subfield code="p">Surgical oncology</subfield>
    <subfield code="v">19</subfield>
    <subfield code="c"></subfield>
    <subfield code="n">1</subfield>
    <subfield code="y">2010-03-01</subfield>
  </datafield>
  <datafield tag="041" ind1=" " ind2=" ">
    <subfield code="a">eng</subfield>
  </datafield>
  <datafield tag="980" ind1=" " ind2=" ">
    <subfield code="a">ARTICLE</subfield>
  </datafield>
  <datafield tag="980" ind1=" " ind2=" ">
    <subfield code="a">PUBMED</subfield>
  </datafield>
  <datafield tag="650" ind1=" " ind2="7">
    <subfield code="a">Journal Article</subfield>
  </datafield>
</record>