
<record>
  
  
  <datafield tag="022" ind1=" " ind2=" ">
    <subfield code="a">1873-2976</subfield>
  </datafield>
  <datafield tag="024" ind1="7" ind2=" ">
    <subfield code="a">10.1016/j.biortech.2009.03.071</subfield>
    <subfield code="2">DOI</subfield>
  </datafield>
  <datafield tag="035" ind1=" " ind2=" ">
    <subfield code="a">19394817</subfield>
    <subfield code="9">PMC</subfield>
  </datafield>
  <datafield tag="245" ind1=" " ind2=" ">
    <subfield code="a">Prospects for phosphorus recovery from poultry litter.</subfield>
  </datafield>
  <datafield tag="260" ind1=" " ind2=" ">
    <subfield code="c">2009-08-17</subfield>
  </datafield>
  <datafield tag="520" ind1=" " ind2=" ">
    <subfield code="a">Land disposal of poultry litter is an environmental concern often associated to excess phosphorus (P) in soils and potential water pollution in regions with intense poultry production. Although poultry litter can be moved off the farm and traded as fertilizer, its transportation becomes less economical with increasing distances from the farm. Thus, new litter management alternatives are needed to reduce the environmental impact of P litter application to land. This paper summarizes established and emerging alternative technologies in the U.S. that facilitate handling, concentration, and transporting of litter P. Furthermore, it examines the potential integration of technologies into poultry litter management systems that could reduce poultry litter volume and increase P content in litter byproducts. The adoption of alternative technologies may encourage new opportunities to produce bio-energy, fertilizer, and other valuable P byproducts from poultry litter while reducing environmental impact and promoting sustainable poultry production.</subfield>
  </datafield>
  <datafield tag="100" ind1=" " ind2=" ">
    <subfield code="a">A A Szogi</subfield>
  </datafield>
  <datafield tag="700" ind1=" " ind2=" ">
    <subfield code="a">M B Vanotti</subfield>
  </datafield>
  <datafield tag="653" ind1="1" ind2=" ">
    <subfield code="a">Animals</subfield>
  </datafield>
  <datafield tag="653" ind1="1" ind2=" ">
    <subfield code="a">Conservation of Natural Resources</subfield>
  </datafield>
  <datafield tag="653" ind1="1" ind2=" ">
    <subfield code="a">Phosphorus</subfield>
  </datafield>
  <datafield tag="653" ind1="1" ind2=" ">
    <subfield code="a">Poultry</subfield>
  </datafield>
  <datafield tag="653" ind1="1" ind2=" ">
    <subfield code="a">Refuse Disposal</subfield>
  </datafield>
  <datafield tag="902" ind1=" " ind2=" ">
    <subfield code="a">United States Department of Agriculture, ARS, Coastal Plains Research Center, Florence, SC 29501, USA. Ariel.Szogi@ars.usda.gov</subfield>
  </datafield>
  <datafield tag="909" ind1="C" ind2="4">
    <subfield code="p">Bioresource technology</subfield>
    <subfield code="v">100</subfield>
    <subfield code="c"></subfield>
    <subfield code="n">22</subfield>
    <subfield code="y">2009-11-01</subfield>
  </datafield>
  <datafield tag="041" ind1=" " ind2=" ">
    <subfield code="a">eng</subfield>
  </datafield>
  <datafield tag="980" ind1=" " ind2=" ">
    <subfield code="a">ARTICLE</subfield>
  </datafield>
  <datafield tag="980" ind1=" " ind2=" ">
    <subfield code="a">PUBMED</subfield>
  </datafield>
  <datafield tag="650" ind1=" " ind2="7">
    <subfield code="a">Journal Article</subfield>
  </datafield>
</record>