
<record>
  
  
  <datafield tag="022" ind1=" " ind2=" ">
    <subfield code="a">1873-2976</subfield>
  </datafield>
  <datafield tag="024" ind1="7" ind2=" ">
    <subfield code="a">10.1016/j.biortech.2009.03.040</subfield>
    <subfield code="2">DOI</subfield>
  </datafield>
  <datafield tag="035" ind1=" " ind2=" ">
    <subfield code="a">19394818</subfield>
    <subfield code="9">PMC</subfield>
  </datafield>
  <datafield tag="245" ind1=" " ind2=" ">
    <subfield code="a">Fermentative hydrogen production from tofu-processing waste and anaerobic digester sludge using microbial consortium.</subfield>
  </datafield>
  <datafield tag="260" ind1=" " ind2=" ">
    <subfield code="c">2009-10-12</subfield>
  </datafield>
  <datafield tag="520" ind1=" " ind2=" ">
    <subfield code="a">The combination of tofu-processing waste and anaerobic digester sludge was studied for its fermentative H(2) production capacity in batch and continuous modes using a thermophilic mixed culture. Heat-treatment (110 degrees C, 30 min) in the presence of 0.5% HCl increased the soluble carbohydrate content of the tofu waste from 2.2 to 10.4 g/l. Anaerobic digester sludge was added to the tofu waste for supplementary nutrients with the optimal mixing ratio of 20% (v/v) under batch conditions. In continuous experiments, the effects of HRT(hydraulic retention time) and pH were investigated for the ranges of 2-6h and 5.0-6.0, respectively. The maximal H(2) production rate (12.0 l H(2)/l/day) and yield (2.3 mol H(2)/mol glucose equivalent) were obtained at HRT 4h and pH 5.5 while maintaining the head space gas at 50-60% (v/v) of H(2) without CH(4). This study indicates that the combination of tofu-processing waste and digester sludge can be considered to be one of the most promising forms of organic waste for continuous H(2) production.</subfield>
  </datafield>
  <datafield tag="100" ind1=" " ind2=" ">
    <subfield code="a">Mi-Sun Kim</subfield>
  </datafield>
  <datafield tag="700" ind1=" " ind2=" ">
    <subfield code="a">Dong-Yeol Lee</subfield>
  </datafield>
  <datafield tag="653" ind1="1" ind2=" ">
    <subfield code="a">Anaerobiosis</subfield>
  </datafield>
  <datafield tag="653" ind1="1" ind2=" ">
    <subfield code="a">Bacteria, Anaerobic</subfield>
  </datafield>
  <datafield tag="653" ind1="1" ind2=" ">
    <subfield code="a">Biodegradation, Environmental</subfield>
  </datafield>
  <datafield tag="653" ind1="1" ind2=" ">
    <subfield code="a">Bioreactors</subfield>
  </datafield>
  <datafield tag="653" ind1="1" ind2=" ">
    <subfield code="a">Fermentation</subfield>
  </datafield>
  <datafield tag="653" ind1="1" ind2=" ">
    <subfield code="a">Food Industry</subfield>
  </datafield>
  <datafield tag="653" ind1="1" ind2=" ">
    <subfield code="a">Hot Temperature</subfield>
  </datafield>
  <datafield tag="653" ind1="1" ind2=" ">
    <subfield code="a">Hydrogen</subfield>
  </datafield>
  <datafield tag="653" ind1="1" ind2=" ">
    <subfield code="a">Hydrogen-Ion Concentration</subfield>
  </datafield>
  <datafield tag="653" ind1="1" ind2=" ">
    <subfield code="a">Refuse Disposal</subfield>
  </datafield>
  <datafield tag="653" ind1="1" ind2=" ">
    <subfield code="a">Sewage</subfield>
  </datafield>
  <datafield tag="653" ind1="1" ind2=" ">
    <subfield code="a">Soy Foods</subfield>
  </datafield>
  <datafield tag="653" ind1="1" ind2=" ">
    <subfield code="a">Time Factors</subfield>
  </datafield>
  <datafield tag="902" ind1=" " ind2=" ">
    <subfield code="a">Bioenergy Research Center, Korea Institute of Energy Research, Daejeon, Republic of Korea. bmmskim@kier.re.kr</subfield>
  </datafield>
  <datafield tag="909" ind1="C" ind2="4">
    <subfield code="p">Bioresource technology</subfield>
    <subfield code="v">101 Suppl 1</subfield>
    <subfield code="c"></subfield>
    <subfield code="n"></subfield>
    <subfield code="y">2010-01-01</subfield>
  </datafield>
  <datafield tag="041" ind1=" " ind2=" ">
    <subfield code="a">eng</subfield>
  </datafield>
  <datafield tag="980" ind1=" " ind2=" ">
    <subfield code="a">ARTICLE</subfield>
  </datafield>
  <datafield tag="980" ind1=" " ind2=" ">
    <subfield code="a">PUBMED</subfield>
  </datafield>
  <datafield tag="650" ind1=" " ind2="7">
    <subfield code="a">Journal Article</subfield>
  </datafield>
</record>