
<record>
  
  
  <datafield tag="022" ind1=" " ind2=" ">
    <subfield code="a">1873-2976</subfield>
  </datafield>
  <datafield tag="024" ind1="7" ind2=" ">
    <subfield code="a">10.1016/j.biortech.2009.03.075</subfield>
    <subfield code="2">DOI</subfield>
  </datafield>
  <datafield tag="035" ind1=" " ind2=" ">
    <subfield code="a">19394819</subfield>
    <subfield code="9">PMC</subfield>
  </datafield>
  <datafield tag="245" ind1=" " ind2=" ">
    <subfield code="a">Removal of hydrogen sulfide using crushed oyster shell from pore water to remediate organically enriched coastal marine sediments.</subfield>
  </datafield>
  <datafield tag="260" ind1=" " ind2=" ">
    <subfield code="c">2009-05-25</subfield>
  </datafield>
  <datafield tag="520" ind1=" " ind2=" ">
    <subfield code="a">Hydrogen sulfide is highly toxic and fatal to benthic organisms as well as causing depletion of dissolved oxygen and generating blue tide in eutrophic coastal seas. The purposes of this study are to reveal adsorption characteristics of hydrogen sulfide onto crushed oyster shell, and to evaluate removal efficiency of hydrogen sulfide from pore water in organically enriched sediments using container experiment in order to develop a coastal sediment amendment. The crushed oyster shell was mainly composed of CaCO(3) with calcite and CaO crystal phase. The batch experiment showed removal kinetics of hydrogen sulfide can be expressed as the first order equation and Langmuir plot fitted well in describing the adsorption behavior with the adsorption maximum at 12 mg-S g(-1). The container experiments suggested the oyster shell adsorbs hydrogen sulfide in pore water effectively and reduces oxygen consumption in the overlying water. Furthermore, oxidation-reduction potential of the sediment was higher with addition of crushed oyster shell than the control without oyster shell. Thus, it is concluded that crushed oyster shell can be an effective amendment to remediate organically enriched sediments in eutrophic coastal seas.</subfield>
  </datafield>
  <datafield tag="100" ind1=" " ind2=" ">
    <subfield code="a">Satoshi Asaoka</subfield>
  </datafield>
  <datafield tag="700" ind1=" " ind2=" ">
    <subfield code="a">Tamiji Yamamoto</subfield>
  </datafield>
  <datafield tag="700" ind1=" " ind2=" ">
    <subfield code="a">Shunsuke Kondo</subfield>
  </datafield>
  <datafield tag="700" ind1=" " ind2=" ">
    <subfield code="a">Shinjiro Hayakawa</subfield>
  </datafield>
  <datafield tag="653" ind1="1" ind2=" ">
    <subfield code="a">Adsorption</subfield>
  </datafield>
  <datafield tag="653" ind1="1" ind2=" ">
    <subfield code="a">Animals</subfield>
  </datafield>
  <datafield tag="653" ind1="1" ind2=" ">
    <subfield code="a">Environmental Remediation</subfield>
  </datafield>
  <datafield tag="653" ind1="1" ind2=" ">
    <subfield code="a">Geologic Sediments</subfield>
  </datafield>
  <datafield tag="653" ind1="1" ind2=" ">
    <subfield code="a">Hydrogen Sulfide</subfield>
  </datafield>
  <datafield tag="653" ind1="1" ind2=" ">
    <subfield code="a">Kinetics</subfield>
  </datafield>
  <datafield tag="653" ind1="1" ind2=" ">
    <subfield code="a">Microscopy, Electron, Scanning</subfield>
  </datafield>
  <datafield tag="653" ind1="1" ind2=" ">
    <subfield code="a">Ostreidae</subfield>
  </datafield>
  <datafield tag="653" ind1="1" ind2=" ">
    <subfield code="a">Oxygen</subfield>
  </datafield>
  <datafield tag="653" ind1="1" ind2=" ">
    <subfield code="a">Spectrum Analysis</subfield>
  </datafield>
  <datafield tag="653" ind1="1" ind2=" ">
    <subfield code="a">Water Pollutants</subfield>
  </datafield>
  <datafield tag="653" ind1="1" ind2=" ">
    <subfield code="a">X-Rays</subfield>
  </datafield>
  <datafield tag="902" ind1=" " ind2=" ">
    <subfield code="a">Graduate School of Biosphere Science, Hiroshima University, 1-4-4 Kagamiyama, Higashi-Hiroshima 739-8528, Japan.</subfield>
  </datafield>
  <datafield tag="909" ind1="C" ind2="4">
    <subfield code="p">Bioresource technology</subfield>
    <subfield code="v">100</subfield>
    <subfield code="c"></subfield>
    <subfield code="n">18</subfield>
    <subfield code="y">2009-09-01</subfield>
  </datafield>
  <datafield tag="041" ind1=" " ind2=" ">
    <subfield code="a">eng</subfield>
  </datafield>
  <datafield tag="980" ind1=" " ind2=" ">
    <subfield code="a">ARTICLE</subfield>
  </datafield>
  <datafield tag="980" ind1=" " ind2=" ">
    <subfield code="a">PUBMED</subfield>
  </datafield>
  <datafield tag="650" ind1=" " ind2="7">
    <subfield code="a">Journal Article</subfield>
  </datafield>
</record>