
<record>
  
  
  <datafield tag="022" ind1=" " ind2=" ">
    <subfield code="a">0967-5868</subfield>
  </datafield>
  <datafield tag="024" ind1="7" ind2=" ">
    <subfield code="a">10.1016/j.jocn.2008.10.030</subfield>
    <subfield code="2">DOI</subfield>
  </datafield>
  <datafield tag="035" ind1=" " ind2=" ">
    <subfield code="a">19394828</subfield>
    <subfield code="9">PMC</subfield>
  </datafield>
  <datafield tag="245" ind1=" " ind2=" ">
    <subfield code="a">Neurocysticercosis: a review of current status and management.</subfield>
  </datafield>
  <datafield tag="260" ind1=" " ind2=" ">
    <subfield code="c">2009-05-15</subfield>
  </datafield>
  <datafield tag="520" ind1=" " ind2=" ">
    <subfield code="a">Neurocysticercosis (NCC) is an infection of the brain and its coverings by the larval stage of the tapeworm Taenia solium. It is the most common helminthic infestation of the central nervous system and a leading cause of acquired epilepsy worldwide. NCC induces neurological syndromes that vary from an asymptomatic infection to sudden death. Neuroimaging is the mainstay of diagnosis. The diagnosis is suggested in patients living in endemic areas with typical CT scan findings and a compatible clinical picture. Since the late 1980s, successful medical treatment has been established with relatively short courses of either albendazole or praziquantel. The selection of cases for medical or surgical treatments has improved and these two forms of therapy are complementary. In general, indications of surgery are: cysts that compress the brain and cranial nerves locally, intracranial hypertension or edema refractory to medical treatment, intraventricular NCC, spinal NCC with cord or root compression and ocular cysts. Recently, endoscopic approaches for ventricular NCC have been developed, which are now the treatment of choice for ventricular NCC with hydrocephalus.</subfield>
  </datafield>
  <datafield tag="100" ind1=" " ind2=" ">
    <subfield code="a">Sumit Sinha</subfield>
  </datafield>
  <datafield tag="700" ind1=" " ind2=" ">
    <subfield code="a">B S Sharma</subfield>
  </datafield>
  <datafield tag="653" ind1="1" ind2=" ">
    <subfield code="a">Humans</subfield>
  </datafield>
  <datafield tag="653" ind1="1" ind2=" ">
    <subfield code="a">Magnetic Resonance Imaging</subfield>
  </datafield>
  <datafield tag="653" ind1="1" ind2=" ">
    <subfield code="a">Neurocysticercosis</subfield>
  </datafield>
  <datafield tag="653" ind1="1" ind2=" ">
    <subfield code="a">Tomography Scanners, X-Ray Computed</subfield>
  </datafield>
  <datafield tag="902" ind1=" " ind2=" ">
    <subfield code="a">Department of Neurosurgery, Neurosciences Centre, All India Institute of Medical Sciences, Ansari Nagar, Aurobindo Marg, New Delhi 110 029, India. sumitaiims@yahoo.com</subfield>
  </datafield>
  <datafield tag="909" ind1="C" ind2="4">
    <subfield code="p">Journal of clinical neuroscience : official journal of the Neurosurgical Society of Australasia</subfield>
    <subfield code="v">16</subfield>
    <subfield code="c"></subfield>
    <subfield code="n">7</subfield>
    <subfield code="y">2009-07-01</subfield>
  </datafield>
  <datafield tag="041" ind1=" " ind2=" ">
    <subfield code="a">eng</subfield>
  </datafield>
  <datafield tag="980" ind1=" " ind2=" ">
    <subfield code="a">ARTICLE</subfield>
  </datafield>
  <datafield tag="980" ind1=" " ind2=" ">
    <subfield code="a">PUBMED</subfield>
  </datafield>
  <datafield tag="650" ind1=" " ind2="7">
    <subfield code="a">Journal Article</subfield>
  </datafield>
</record>