
<record>
  
  
  <datafield tag="022" ind1=" " ind2=" ">
    <subfield code="a">1464-3391</subfield>
  </datafield>
  <datafield tag="024" ind1="7" ind2=" ">
    <subfield code="a">10.1016/j.bmc.2009.03.060</subfield>
    <subfield code="2">DOI</subfield>
  </datafield>
  <datafield tag="035" ind1=" " ind2=" ">
    <subfield code="a">19394833</subfield>
    <subfield code="9">PMC</subfield>
  </datafield>
  <datafield tag="245" ind1=" " ind2=" ">
    <subfield code="a">Synthesis of spirocyclic sigma1 receptor ligands as potential PET radiotracers, structure-affinity relationships and in vitro metabolic stability.</subfield>
  </datafield>
  <datafield tag="260" ind1=" " ind2=" ">
    <subfield code="c">2009-05-06</subfield>
  </datafield>
  <datafield tag="520" ind1=" " ind2=" ">
    <subfield code="a">Several 3H-spiro[[2]benzofuran-1,4'-piperidines] bearing a p-fluorobenzyl residue at the N-atom and various substituents in position 3 of the benzofuran system were synthesized. The crucial reaction steps are the addition of a lithiated benzaldehyde derivative to the p-fluorobenzylpiperidone 5 and the BF(3).OEt(2) catalyzed substitution of the methoxy group of 2a by various nucleophiles. Structure-affinity relationship studies revealed that compounds with two protons (2d), a methoxy group (2a), and a cyano group (2e) in position 3 possess subnanomolar sigma(1) affinity (K(i)=0.18 nM, 0.79 nM, 0.86 nM) and high selectivity against the sigma(2) subtype. The metabolites of 2a, 2d, and 2e, which were formed upon incubation with rat liver microsomes, were identified. Additionally, the rate of metabolic degradation of 2a, 2d, and 2e was determined and compared with the degradation rate of the non-fluorinated spirocyclic compound 1. For the synthesis of the potential PET tracers [(18)F]2a and [(18)F]2e two different radiosynthetic approaches were followed.</subfield>
  </datafield>
  <datafield tag="100" ind1=" " ind2=" ">
    <subfield code="a">Eva Grosse Maestrup</subfield>
  </datafield>
  <datafield tag="700" ind1=" " ind2=" ">
    <subfield code="a">Christian Wiese</subfield>
  </datafield>
  <datafield tag="700" ind1=" " ind2=" ">
    <subfield code="a">Dirk Schepmann</subfield>
  </datafield>
  <datafield tag="700" ind1=" " ind2=" ">
    <subfield code="a">Achim Hiller</subfield>
  </datafield>
  <datafield tag="700" ind1=" " ind2=" ">
    <subfield code="a">Steffen Fischer</subfield>
  </datafield>
  <datafield tag="700" ind1=" " ind2=" ">
    <subfield code="a">Matthias Scheunemann</subfield>
  </datafield>
  <datafield tag="700" ind1=" " ind2=" ">
    <subfield code="a">Peter Brust</subfield>
  </datafield>
  <datafield tag="700" ind1=" " ind2=" ">
    <subfield code="a">Bernhard Wünsch</subfield>
  </datafield>
  <datafield tag="653" ind1="1" ind2=" ">
    <subfield code="a">Animals</subfield>
  </datafield>
  <datafield tag="653" ind1="1" ind2=" ">
    <subfield code="a">Cytochrome P-450 Enzyme System</subfield>
  </datafield>
  <datafield tag="653" ind1="1" ind2=" ">
    <subfield code="a">Drug Stability</subfield>
  </datafield>
  <datafield tag="653" ind1="1" ind2=" ">
    <subfield code="a">Guinea Pigs</subfield>
  </datafield>
  <datafield tag="653" ind1="1" ind2=" ">
    <subfield code="a">Humans</subfield>
  </datafield>
  <datafield tag="653" ind1="1" ind2=" ">
    <subfield code="a">Piperidines</subfield>
  </datafield>
  <datafield tag="653" ind1="1" ind2=" ">
    <subfield code="a">Positron-Emission Tomography</subfield>
  </datafield>
  <datafield tag="653" ind1="1" ind2=" ">
    <subfield code="a">Radiopharmaceuticals</subfield>
  </datafield>
  <datafield tag="653" ind1="1" ind2=" ">
    <subfield code="a">Rats</subfield>
  </datafield>
  <datafield tag="653" ind1="1" ind2=" ">
    <subfield code="a">Receptors, sigma</subfield>
  </datafield>
  <datafield tag="653" ind1="1" ind2=" ">
    <subfield code="a">Spiro Compounds</subfield>
  </datafield>
  <datafield tag="653" ind1="1" ind2=" ">
    <subfield code="a">structure-activity relationship</subfield>
  </datafield>
  <datafield tag="902" ind1=" " ind2=" ">
    <subfield code="a">Institut für Pharmazeutische und Medizinische Chemie der Universität Münster, Hittorfstrasse 58-62, D-48149 Münster, Germany.</subfield>
  </datafield>
  <datafield tag="909" ind1="C" ind2="4">
    <subfield code="p">Bioorganic &amp; medicinal chemistry</subfield>
    <subfield code="v">17</subfield>
    <subfield code="c"></subfield>
    <subfield code="n">10</subfield>
    <subfield code="y">2009-05-15</subfield>
  </datafield>
  <datafield tag="041" ind1=" " ind2=" ">
    <subfield code="a">eng</subfield>
  </datafield>
  <datafield tag="980" ind1=" " ind2=" ">
    <subfield code="a">ARTICLE</subfield>
  </datafield>
  <datafield tag="980" ind1=" " ind2=" ">
    <subfield code="a">PUBMED</subfield>
  </datafield>
  <datafield tag="650" ind1=" " ind2="7">
    <subfield code="a">Journal Article</subfield>
  </datafield>
</record>