
<record>
  
  
  <datafield tag="022" ind1=" " ind2=" ">
    <subfield code="a">1872-9800</subfield>
  </datafield>
  <datafield tag="024" ind1="7" ind2=" ">
    <subfield code="a">10.1016/j.apradiso.2009.03.087</subfield>
    <subfield code="2">DOI</subfield>
  </datafield>
  <datafield tag="035" ind1=" " ind2=" ">
    <subfield code="a">19394837</subfield>
    <subfield code="9">PMC</subfield>
  </datafield>
  <datafield tag="245" ind1=" " ind2=" ">
    <subfield code="a">Extra-corporeal liver BNCT for the treatment of diffuse metastases: what was learned and what is still to be learned.</subfield>
  </datafield>
  <datafield tag="260" ind1=" " ind2=" ">
    <subfield code="c">2009-06-16</subfield>
  </datafield>
  <datafield tag="520" ind1=" " ind2=" ">
    <subfield code="a">Almost eight years ago, in December 2001, we performed for the first time in the world thermal neutron irradiation on an isolated liver of a patient. The organ was affected by diffuse metastases of a colon carcinoma and had been previously loaded with a (10)B compound. In July 2003, the same procedure was applied again on a patient for the treatment of unresectable and incurable hepatic metastases of a carcinoma of the rectum. Both patients are dead at present. Now we can analyze in depth the clinical history of these patients and evaluate the effectiveness of this therapy. From this exciting experience we learned much, and we also found out about complications till then unknown, which need to be studied and addressed experimentally. Unfortunately we can base our conclusions just on the experience we had with these two patients. We could have been much more detailed and firm in our statements if the number of clinical cases was larger. The BNCT Pavia project has been suspended, but it is more than likely to resume in a short time. Good findings were many. The procedure is feasible; the original concept of complete immersion of the diseased liver in a homogeneous neutron field proved effective and winning. The tumor masses resulted completely necrotic and unknown metastases too appeared radically treated; healthy hepatic tissue was preserved from both morphological and functional points of view; no symptoms of cirrhosis appeared even four years after treatment. For the long term surviving patient, quality of life was excellent. Other findings require to be tackled in depth. The "post-irradiation syndrome" we observed in both patients, with identical symptoms and biochemical derangements, creates a dramatic--even though totally reversible--clinical condition, that is the probable cause of death for our second patient, suffering from cardiomyopathy, 33 days after treatment. For the first patient, recurrences were a late yet fatal complication, for which even a further surgical revision was ineffective. We offer some hypotheses about their origin and possible prevention.</subfield>
  </datafield>
  <datafield tag="100" ind1=" " ind2=" ">
    <subfield code="a">A Zonta</subfield>
  </datafield>
  <datafield tag="700" ind1=" " ind2=" ">
    <subfield code="a">T Pinelli</subfield>
  </datafield>
  <datafield tag="700" ind1=" " ind2=" ">
    <subfield code="a">U Prati</subfield>
  </datafield>
  <datafield tag="700" ind1=" " ind2=" ">
    <subfield code="a">L Roveda</subfield>
  </datafield>
  <datafield tag="700" ind1=" " ind2=" ">
    <subfield code="a">C Ferrari</subfield>
  </datafield>
  <datafield tag="700" ind1=" " ind2=" ">
    <subfield code="a">A M Clerici</subfield>
  </datafield>
  <datafield tag="700" ind1=" " ind2=" ">
    <subfield code="a">C Zonta</subfield>
  </datafield>
  <datafield tag="700" ind1=" " ind2=" ">
    <subfield code="a">G Mazzini</subfield>
  </datafield>
  <datafield tag="700" ind1=" " ind2=" ">
    <subfield code="a">P Dionigi</subfield>
  </datafield>
  <datafield tag="700" ind1=" " ind2=" ">
    <subfield code="a">S Altieri</subfield>
  </datafield>
  <datafield tag="700" ind1=" " ind2=" ">
    <subfield code="a">S Bortolussi</subfield>
  </datafield>
  <datafield tag="700" ind1=" " ind2=" ">
    <subfield code="a">P Bruschi</subfield>
  </datafield>
  <datafield tag="700" ind1=" " ind2=" ">
    <subfield code="a">F Fossati</subfield>
  </datafield>
  <datafield tag="653" ind1="1" ind2=" ">
    <subfield code="a">Adult</subfield>
  </datafield>
  <datafield tag="653" ind1="1" ind2=" ">
    <subfield code="a">Boron Compounds</subfield>
  </datafield>
  <datafield tag="653" ind1="1" ind2=" ">
    <subfield code="a">Boron Neutron Capture Therapy</subfield>
  </datafield>
  <datafield tag="653" ind1="1" ind2=" ">
    <subfield code="a">Cardiomyopathy, Dilated</subfield>
  </datafield>
  <datafield tag="653" ind1="1" ind2=" ">
    <subfield code="a">Chemotherapy, Cancer, Regional Perfusion</subfield>
  </datafield>
  <datafield tag="653" ind1="1" ind2=" ">
    <subfield code="a">Colonic Neoplasms</subfield>
  </datafield>
  <datafield tag="653" ind1="1" ind2=" ">
    <subfield code="a">Extracorporeal Circulation</subfield>
  </datafield>
  <datafield tag="653" ind1="1" ind2=" ">
    <subfield code="a">Humans</subfield>
  </datafield>
  <datafield tag="653" ind1="1" ind2=" ">
    <subfield code="a">Liver Neoplasms</subfield>
  </datafield>
  <datafield tag="653" ind1="1" ind2=" ">
    <subfield code="a">male</subfield>
  </datafield>
  <datafield tag="653" ind1="1" ind2=" ">
    <subfield code="a">Middle Aged</subfield>
  </datafield>
  <datafield tag="653" ind1="1" ind2=" ">
    <subfield code="a">Necrosis</subfield>
  </datafield>
  <datafield tag="653" ind1="1" ind2=" ">
    <subfield code="a">Phenylalanine</subfield>
  </datafield>
  <datafield tag="653" ind1="1" ind2=" ">
    <subfield code="a">Radiation Injuries</subfield>
  </datafield>
  <datafield tag="653" ind1="1" ind2=" ">
    <subfield code="a">Radiation-Sensitizing Agents</subfield>
  </datafield>
  <datafield tag="653" ind1="1" ind2=" ">
    <subfield code="a">Rectal Neoplasms</subfield>
  </datafield>
  <datafield tag="653" ind1="1" ind2=" ">
    <subfield code="a">Tomography, X-Ray Computed</subfield>
  </datafield>
  <datafield tag="902" ind1=" " ind2=" ">
    <subfield code="a">Department of Surgery, University of Pavia, Pavia, Italy. aris.zonta@pv.infn.it</subfield>
  </datafield>
  <datafield tag="909" ind1="C" ind2="4">
    <subfield code="p">Applied radiation and isotopes : including data, instrumentation and methods for use in agriculture, industry and medicine</subfield>
    <subfield code="v">67</subfield>
    <subfield code="c"></subfield>
    <subfield code="n">7-8 Suppl</subfield>
    <subfield code="y">2009-07-01</subfield>
  </datafield>
  <datafield tag="041" ind1=" " ind2=" ">
    <subfield code="a">eng</subfield>
  </datafield>
  <datafield tag="980" ind1=" " ind2=" ">
    <subfield code="a">ARTICLE</subfield>
  </datafield>
  <datafield tag="980" ind1=" " ind2=" ">
    <subfield code="a">PUBMED</subfield>
  </datafield>
  <datafield tag="650" ind1=" " ind2="7">
    <subfield code="a">Case Reports</subfield>
  </datafield>
</record>