
<record>
  
  
  <datafield tag="022" ind1=" " ind2=" ">
    <subfield code="a">1872-9800</subfield>
  </datafield>
  <datafield tag="024" ind1="7" ind2=" ">
    <subfield code="a">10.1016/j.apradiso.2009.03.078</subfield>
    <subfield code="2">DOI</subfield>
  </datafield>
  <datafield tag="035" ind1=" " ind2=" ">
    <subfield code="a">19394840</subfield>
    <subfield code="9">PMC</subfield>
  </datafield>
  <datafield tag="245" ind1=" " ind2=" ">
    <subfield code="a">Prompt gamma emissions in the reaction 115In(n,gamma)116In for neutrons around the 1.45 eV absorption resonance.</subfield>
  </datafield>
  <datafield tag="260" ind1=" " ind2=" ">
    <subfield code="c">2009-06-16</subfield>
  </datafield>
  <datafield tag="520" ind1=" " ind2=" ">
    <subfield code="a">The relative intensities of different gamma emissions produced after the reaction (115)In(n,gamma)(116)In were analyzed for the particular case of incident neutron energies around the 1.45 eV indium absorption resonance. For this purpose, a pulsed neutron source in combination with the time-of-flight method for selecting the incident neutron energy range was employed. For neutrons around the mentioned absorption resonance the prompt gamma spectrum was extended to energies below 273 keV, and the intensities of gamma emissions not reported in the literature for epithermal neutrons were determined.</subfield>
  </datafield>
  <datafield tag="100" ind1=" " ind2=" ">
    <subfield code="a">A Tartaglione</subfield>
  </datafield>
  <datafield tag="700" ind1=" " ind2=" ">
    <subfield code="a">J J Blostein</subfield>
  </datafield>
  <datafield tag="700" ind1=" " ind2=" ">
    <subfield code="a">R E Mayer</subfield>
  </datafield>
  <datafield tag="902" ind1=" " ind2=" ">
    <subfield code="a">Centro Atómico Bariloche and Instituto Balseiro, GAEN, Comisión Nacional de Energía Atómica, Universidad Nacional de Cuyo, R8402AGP SC de Bariloche, Argentina. tartagla@cab.cnea.gov.ar</subfield>
  </datafield>
  <datafield tag="909" ind1="C" ind2="4">
    <subfield code="p">Applied radiation and isotopes : including data, instrumentation and methods for use in agriculture, industry and medicine</subfield>
    <subfield code="v">67</subfield>
    <subfield code="c"></subfield>
    <subfield code="n">9</subfield>
    <subfield code="y">2009-09-01</subfield>
  </datafield>
  <datafield tag="041" ind1=" " ind2=" ">
    <subfield code="a">eng</subfield>
  </datafield>
  <datafield tag="980" ind1=" " ind2=" ">
    <subfield code="a">ARTICLE</subfield>
  </datafield>
  <datafield tag="980" ind1=" " ind2=" ">
    <subfield code="a">PUBMED</subfield>
  </datafield>
  <datafield tag="650" ind1=" " ind2="7">
    <subfield code="a">Journal Article</subfield>
  </datafield>
</record>