
<record>
  
  
  <datafield tag="022" ind1=" " ind2=" ">
    <subfield code="a">1873-2690</subfield>
  </datafield>
  <datafield tag="024" ind1="7" ind2=" ">
    <subfield code="a">10.1016/j.plaphy.2009.03.015</subfield>
    <subfield code="2">DOI</subfield>
  </datafield>
  <datafield tag="035" ind1=" " ind2=" ">
    <subfield code="a">19394842</subfield>
    <subfield code="9">PMC</subfield>
  </datafield>
  <datafield tag="245" ind1=" " ind2=" ">
    <subfield code="a">Delayed wheat flag leaf senescence due to removal of spikelets is associated with increased activities of leaf antioxidant enzymes, reduced glutathione/oxidized glutathione ratio and oxidative damage to mitochondrial proteins.</subfield>
  </datafield>
  <datafield tag="260" ind1=" " ind2=" ">
    <subfield code="c">2009-06-15</subfield>
  </datafield>
  <datafield tag="520" ind1=" " ind2=" ">
    <subfield code="a">Removal of reproductive 'sink' i.e. spikelets from wheat at anthesis delays the rate of flag leaf senescence. In this work, the antioxidant defense was studied in the flag leaf of Triticum aestivum cv. Kalyansona plants showing normal (S + plants) and delayed senescence via removal of spikelets (S- plants). This was done by measurement of metabolites and activities of enzymes such as superoxide dismutase, catalase, guaiacol peroxidase, ascorbate peroxidase, monodehydroascorbate reductase, dehydroascorbate reductase and glutathione reductase. S- plants had higher reduced glutathione/oxidized glutathione (GSH/GSSG) ratio and antioxidant enzyme activities than the control plants and the differences were apparent from 21 days after anthesis (DAA). The removal of the reproductive sink led to an increased antioxidant defense which may be contributing towards the delayed flag leaf senescence in wheat. Chloroplasts and mitochondria, important sources of ROS, were isolated at two stages representing early (7 DAA) and late (21 DAA) senescence. Oxidative damage to proteins was studied in these organelles in relation to SOD and APX. Mitochondria had higher levels of damaged proteins than chloroplasts at 7 DAA in both S+ and S- plants. Higher damage was related to the lower antioxidant enzyme levels of SOD and APX in mitochondria as compared to chloroplasts.</subfield>
  </datafield>
  <datafield tag="100" ind1=" " ind2=" ">
    <subfield code="a">S Srivalli</subfield>
  </datafield>
  <datafield tag="700" ind1=" " ind2=" ">
    <subfield code="a">Renu Khanna-Chopra</subfield>
  </datafield>
  <datafield tag="653" ind1="1" ind2=" ">
    <subfield code="a">Antioxidants</subfield>
  </datafield>
  <datafield tag="653" ind1="1" ind2=" ">
    <subfield code="a">Cell Death</subfield>
  </datafield>
  <datafield tag="653" ind1="1" ind2=" ">
    <subfield code="a">Chloroplasts</subfield>
  </datafield>
  <datafield tag="653" ind1="1" ind2=" ">
    <subfield code="a">Flowers</subfield>
  </datafield>
  <datafield tag="653" ind1="1" ind2=" ">
    <subfield code="a">Glutathione</subfield>
  </datafield>
  <datafield tag="653" ind1="1" ind2=" ">
    <subfield code="a">Glutathione Disulfide</subfield>
  </datafield>
  <datafield tag="653" ind1="1" ind2=" ">
    <subfield code="a">Mitochondria</subfield>
  </datafield>
  <datafield tag="653" ind1="1" ind2=" ">
    <subfield code="a">Plant Leaves</subfield>
  </datafield>
  <datafield tag="653" ind1="1" ind2=" ">
    <subfield code="a">Plant Proteins</subfield>
  </datafield>
  <datafield tag="653" ind1="1" ind2=" ">
    <subfield code="a">Reproduction</subfield>
  </datafield>
  <datafield tag="653" ind1="1" ind2=" ">
    <subfield code="a">Triticum</subfield>
  </datafield>
  <datafield tag="902" ind1=" " ind2=" ">
    <subfield code="a">Stress Physiology Laboratory, Water Technology Centre, Indian Agricultural Research Institute, Pusa Campus, New Delhi - 110 012, India.</subfield>
  </datafield>
  <datafield tag="909" ind1="C" ind2="4">
    <subfield code="p">Plant physiology and biochemistry : PPB / Société française de physiologie végétale</subfield>
    <subfield code="v">47</subfield>
    <subfield code="c"></subfield>
    <subfield code="n">8</subfield>
    <subfield code="y">2009-08-01</subfield>
  </datafield>
  <datafield tag="041" ind1=" " ind2=" ">
    <subfield code="a">eng</subfield>
  </datafield>
  <datafield tag="980" ind1=" " ind2=" ">
    <subfield code="a">ARTICLE</subfield>
  </datafield>
  <datafield tag="980" ind1=" " ind2=" ">
    <subfield code="a">PUBMED</subfield>
  </datafield>
  <datafield tag="650" ind1=" " ind2="7">
    <subfield code="a">Journal Article</subfield>
  </datafield>
</record>