
<record>
  
  
  <datafield tag="022" ind1=" " ind2=" ">
    <subfield code="a">1879-0461</subfield>
  </datafield>
  <datafield tag="024" ind1="7" ind2=" ">
    <subfield code="a">10.1016/j.critrevonc.2009.03.010</subfield>
    <subfield code="2">DOI</subfield>
  </datafield>
  <datafield tag="035" ind1=" " ind2=" ">
    <subfield code="a">19394859</subfield>
    <subfield code="9">PMC</subfield>
  </datafield>
  <datafield tag="245" ind1=" " ind2=" ">
    <subfield code="a">What is the evidence for gender differences in ferritin and haemoglobin?</subfield>
  </datafield>
  <datafield tag="260" ind1=" " ind2=" ">
    <subfield code="c">2009-12-16</subfield>
  </datafield>
  <datafield tag="520" ind1=" " ind2=" ">
    <subfield code="a">Reference ranges for haemoglobin and ferritin in women of reproductive age are widely reported showing values that are lower than equivalent aged males. Similar values would be expected in the absence of different biological requirements. While reference ranges have been derived from data on large populations, it is likely that these populations have included significant numbers of women who are iron deficient in view of menstrual blood loss and poor dietary intake. Populations with a daily iron intake in excess of 100mg have shown that iron deficiency in females is rare. Studies reporting bone marrow with iron stains from 50 years ago pointed out that significant numbers of women were iron deficient and more recently serum ferritin studies have confirmed this. However, a large number of women in the Western world spend a significant part of their lives in a negative iron balance due to a combination of poor diet and menstrual blood loss. The presence of haem iron in the diet of humans enhances non-haem iron absorption but dietary surveys consistently report that women's diet is deficient in iron. Furthermore, the typical Western diet contains many common foods that limit iron absorption. It appears that lower haemoglobin and ferritin values in menstruating women have been accepted as normal rather than possibly representing widespread iron deficiency. Reference ranges should be re-evaluated in populations proven to be iron replete.</subfield>
  </datafield>
  <datafield tag="100" ind1=" " ind2=" ">
    <subfield code="a">D Hugh Rushton</subfield>
  </datafield>
  <datafield tag="700" ind1=" " ind2=" ">
    <subfield code="a">Julian H Barth</subfield>
  </datafield>
  <datafield tag="653" ind1="1" ind2=" ">
    <subfield code="a">female</subfield>
  </datafield>
  <datafield tag="653" ind1="1" ind2=" ">
    <subfield code="a">Ferritins</subfield>
  </datafield>
  <datafield tag="653" ind1="1" ind2=" ">
    <subfield code="a">Gonadal Steroid Hormones</subfield>
  </datafield>
  <datafield tag="653" ind1="1" ind2=" ">
    <subfield code="a">Hemoglobins</subfield>
  </datafield>
  <datafield tag="653" ind1="1" ind2=" ">
    <subfield code="a">Humans</subfield>
  </datafield>
  <datafield tag="653" ind1="1" ind2=" ">
    <subfield code="a">Iron</subfield>
  </datafield>
  <datafield tag="653" ind1="1" ind2=" ">
    <subfield code="a">Iron, Dietary</subfield>
  </datafield>
  <datafield tag="653" ind1="1" ind2=" ">
    <subfield code="a">male</subfield>
  </datafield>
  <datafield tag="653" ind1="1" ind2=" ">
    <subfield code="a">Reference Values</subfield>
  </datafield>
  <datafield tag="653" ind1="1" ind2=" ">
    <subfield code="a">Sex Characteristics</subfield>
  </datafield>
  <datafield tag="902" ind1=" " ind2=" ">
    <subfield code="a">School of Pharmacy &amp; Biomedical Sciences, University of Portsmouth, Portsmouth, Hants PO1 2DT, UK. rushton@btinternet.com</subfield>
  </datafield>
  <datafield tag="909" ind1="C" ind2="4">
    <subfield code="p">Critical reviews in oncology/hematology</subfield>
    <subfield code="v">73</subfield>
    <subfield code="c"></subfield>
    <subfield code="n">1</subfield>
    <subfield code="y">2010-01-01</subfield>
  </datafield>
  <datafield tag="041" ind1=" " ind2=" ">
    <subfield code="a">eng</subfield>
  </datafield>
  <datafield tag="980" ind1=" " ind2=" ">
    <subfield code="a">ARTICLE</subfield>
  </datafield>
  <datafield tag="980" ind1=" " ind2=" ">
    <subfield code="a">PUBMED</subfield>
  </datafield>
  <datafield tag="650" ind1=" " ind2="7">
    <subfield code="a">Journal Article</subfield>
  </datafield>
</record>