
<record>
  
  
  <datafield tag="022" ind1=" " ind2=" ">
    <subfield code="a">1879-1123</subfield>
  </datafield>
  <datafield tag="024" ind1="7" ind2=" ">
    <subfield code="a">10.1016/j.jasms.2009.03.018</subfield>
    <subfield code="2">DOI</subfield>
  </datafield>
  <datafield tag="035" ind1=" " ind2=" ">
    <subfield code="a">19394860</subfield>
    <subfield code="9">PMC</subfield>
  </datafield>
  <datafield tag="245" ind1=" " ind2=" ">
    <subfield code="a">A novel ion trap that enables high duty cycle and wide m/z range on an orthogonal injection TOF mass spectrometer.</subfield>
  </datafield>
  <datafield tag="260" ind1=" " ind2=" ">
    <subfield code="c">2009-07-06</subfield>
  </datafield>
  <datafield tag="520" ind1=" " ind2=" ">
    <subfield code="a">Although TOF analyzers with orthogonal ion injection provide the whole spectrum without scanning, their duty cycle is low compared with scanning analyzers in single ion monitoring mode. Typical duty cycle is in the range of 5% to 30% depending on the instrument geometry and ion m/z value. We present here a novel trapping/releasing setup, which offers the duty cycle near 100% over a wide range. Operation in the mass range from m/z 120 to almost 2000 is demonstrated. Ions are trapped in a short linear ion trap at the end of the collision cell in an axial pseudopotential well created by additional rf ("AC") voltage applied to all four rods of the trap with the same amplitude and phase. The pseudopotential created by AC field is mass dependent, and by ramping down the AC voltage, ions can be released from the trap sequentially from high m/z to low, while all ions are gaining the same kinetic energy. Upon entering the TOF accelerator, ions with lower m/z catch up with heavier ions, and the AC ramp parameters can be selected to make all ions meet in the center of the TOF extraction region, resulting in sensitivity gains from 3 to 14 without loss of mass accuracy or resolution.</subfield>
  </datafield>
  <datafield tag="100" ind1=" " ind2=" ">
    <subfield code="a">Alexander V Loboda</subfield>
  </datafield>
  <datafield tag="700" ind1=" " ind2=" ">
    <subfield code="a">Igor V Chernushevich</subfield>
  </datafield>
  <datafield tag="902" ind1=" " ind2=" ">
    <subfield code="a">MDS Analytical Technologies, Concord, Ontario, Canada.</subfield>
  </datafield>
  <datafield tag="909" ind1="C" ind2="4">
    <subfield code="p">Journal of the American Society for Mass Spectrometry</subfield>
    <subfield code="v">20</subfield>
    <subfield code="c"></subfield>
    <subfield code="n">7</subfield>
    <subfield code="y">2009-07-01</subfield>
  </datafield>
  <datafield tag="041" ind1=" " ind2=" ">
    <subfield code="a">eng</subfield>
  </datafield>
  <datafield tag="980" ind1=" " ind2=" ">
    <subfield code="a">ARTICLE</subfield>
  </datafield>
  <datafield tag="980" ind1=" " ind2=" ">
    <subfield code="a">PUBMED</subfield>
  </datafield>
  <datafield tag="650" ind1=" " ind2="7">
    <subfield code="a">Journal Article</subfield>
  </datafield>
</record>