
<record>
  
  
  <datafield tag="022" ind1=" " ind2=" ">
    <subfield code="a">1095-8320</subfield>
  </datafield>
  <datafield tag="024" ind1="7" ind2=" ">
    <subfield code="a">10.1016/j.biologicals.2009.02.017</subfield>
    <subfield code="2">DOI</subfield>
  </datafield>
  <datafield tag="035" ind1=" " ind2=" ">
    <subfield code="a">19394861</subfield>
    <subfield code="9">PMC</subfield>
  </datafield>
  <datafield tag="245" ind1=" " ind2=" ">
    <subfield code="a">The cotton rat model of respiratory viral infections.</subfield>
  </datafield>
  <datafield tag="260" ind1=" " ind2=" ">
    <subfield code="c">2009-05-26</subfield>
  </datafield>
  <datafield tag="520" ind1=" " ind2=" ">
    <subfield code="a">Development of successful vaccines against human infectious diseases depends on using appropriate animal models for testing vaccine efficacy and safety. For some viral infections the task is further complicated by the frequently changing genetic make-up of the virus, as in the case of influenza, or by the existence of the little-understood phenomenon of vaccine-enhanced disease, as in the case of respiratory syncytial virus (RSV). The cotton rat Sigmodon hispidus has been used for years as an excellent small animal model of the RSV vaccine-enhanced disease. Recently, using cotton rats, we have demonstrated that vaccination against another paramyxovirus, human metapneumovirus (hMPV), can also lead to vaccine-enhanced disease. In addition to the study of paramyxoviruses, S. hispidus presents important advantages for the study of orthomyxoviruses such as influenza. The cotton rat is susceptible to infection with unadapted human influenza strains, and heterosubtypic immunity to influenza can be evoked in S. hispidus. The mechanisms of influenza, RSV, and hMPV pathogenesis and immunity can now be investigated in the cotton rat with the development of species-specific reagents for this animal model.</subfield>
  </datafield>
  <datafield tag="100" ind1=" " ind2=" ">
    <subfield code="a">Marina S Boukhvalova</subfield>
  </datafield>
  <datafield tag="700" ind1=" " ind2=" ">
    <subfield code="a">Gregory A Prince</subfield>
  </datafield>
  <datafield tag="700" ind1=" " ind2=" ">
    <subfield code="a">Jorge C G Blanco</subfield>
  </datafield>
  <datafield tag="653" ind1="1" ind2=" ">
    <subfield code="a">Animals</subfield>
  </datafield>
  <datafield tag="653" ind1="1" ind2=" ">
    <subfield code="a">Disease Models, Animal</subfield>
  </datafield>
  <datafield tag="653" ind1="1" ind2=" ">
    <subfield code="a">Metapneumovirus</subfield>
  </datafield>
  <datafield tag="653" ind1="1" ind2=" ">
    <subfield code="a">Orthomyxoviridae</subfield>
  </datafield>
  <datafield tag="653" ind1="1" ind2=" ">
    <subfield code="a">Rats</subfield>
  </datafield>
  <datafield tag="653" ind1="1" ind2=" ">
    <subfield code="a">Respiratory Syncytial Viruses</subfield>
  </datafield>
  <datafield tag="653" ind1="1" ind2=" ">
    <subfield code="a">Respiratory Tract Infections</subfield>
  </datafield>
  <datafield tag="653" ind1="1" ind2=" ">
    <subfield code="a">Sigmodontinae</subfield>
  </datafield>
  <datafield tag="902" ind1=" " ind2=" ">
    <subfield code="a">Virion Systems Inc, Rockville, MD 20850, USA. marinab@virionsystems.com</subfield>
  </datafield>
  <datafield tag="909" ind1="C" ind2="4">
    <subfield code="p">Biologicals : journal of the International Association of Biological Standardization</subfield>
    <subfield code="v">37</subfield>
    <subfield code="c"></subfield>
    <subfield code="n">3</subfield>
    <subfield code="y">2009-06-01</subfield>
  </datafield>
  <datafield tag="041" ind1=" " ind2=" ">
    <subfield code="a">eng</subfield>
  </datafield>
  <datafield tag="980" ind1=" " ind2=" ">
    <subfield code="a">ARTICLE</subfield>
  </datafield>
  <datafield tag="980" ind1=" " ind2=" ">
    <subfield code="a">PUBMED</subfield>
  </datafield>
  <datafield tag="650" ind1=" " ind2="7">
    <subfield code="a">Journal Article</subfield>
  </datafield>
</record>