
<record>
  
  
  <datafield tag="022" ind1=" " ind2=" ">
    <subfield code="a">1873-5711</subfield>
  </datafield>
  <datafield tag="024" ind1="7" ind2=" ">
    <subfield code="a">10.1016/j.jelekin.2009.03.010</subfield>
    <subfield code="2">DOI</subfield>
  </datafield>
  <datafield tag="035" ind1=" " ind2=" ">
    <subfield code="a">19394867</subfield>
    <subfield code="9">PMC</subfield>
  </datafield>
  <datafield tag="245" ind1=" " ind2=" ">
    <subfield code="a">MVC techniques to normalize trunk muscle EMG in healthy women.</subfield>
  </datafield>
  <datafield tag="260" ind1=" " ind2=" ">
    <subfield code="c">2009-12-16</subfield>
  </datafield>
  <datafield tag="520" ind1=" " ind2=" ">
    <subfield code="a">Normalization of the surface electromyogram (EMG) addresses some of the inherent inter-subject and inter-muscular variability of this signal to enable comparison between muscles and people. The aim of this study was to evaluate the effectiveness of several maximal voluntary isometric contraction (MVC) strategies, and identify maximum electromyographic reference values used for normalizing trunk muscle activity. Eight healthy women performed 11 MVC techniques, including trials in which thorax motion was resisted, trials in which pelvis motion was resisted, shoulder rotation and adduction, and un-resisted MVC maneuvers (maximal abdominal hollowing and maximal abdominal bracing). EMG signals were bilaterally collected from upper and lower rectus abdominis, lateral and medial aspects of external oblique, internal oblique, latissimus dorsi, and erector spinae at T9 and L5. A 0.5s moving average window was used to calculate the maximum EMG amplitude of each muscle for each MVC technique. A great inter-subject variability between participants was observed as to which MVC strategy elicited the greatest muscular activity, especially for the oblique abdominals and latissimus dorsi. Since no single test was superior for obtaining maximum electrical activity, it appears that several upper and lower trunk MVC techniques should be performed for EMG normalization in healthy women.</subfield>
  </datafield>
  <datafield tag="100" ind1=" " ind2=" ">
    <subfield code="a">Francisco J Vera-Garcia</subfield>
  </datafield>
  <datafield tag="700" ind1=" " ind2=" ">
    <subfield code="a">Janice M Moreside</subfield>
  </datafield>
  <datafield tag="700" ind1=" " ind2=" ">
    <subfield code="a">Stuart M McGill</subfield>
  </datafield>
  <datafield tag="653" ind1="1" ind2=" ">
    <subfield code="a">Abdominal Muscles</subfield>
  </datafield>
  <datafield tag="653" ind1="1" ind2=" ">
    <subfield code="a">Adult</subfield>
  </datafield>
  <datafield tag="653" ind1="1" ind2=" ">
    <subfield code="a">Algorithms</subfield>
  </datafield>
  <datafield tag="653" ind1="1" ind2=" ">
    <subfield code="a">Back</subfield>
  </datafield>
  <datafield tag="653" ind1="1" ind2=" ">
    <subfield code="a">Data Interpretation, Statistical</subfield>
  </datafield>
  <datafield tag="653" ind1="1" ind2=" ">
    <subfield code="a">Electromyography</subfield>
  </datafield>
  <datafield tag="653" ind1="1" ind2=" ">
    <subfield code="a">female</subfield>
  </datafield>
  <datafield tag="653" ind1="1" ind2=" ">
    <subfield code="a">Humans</subfield>
  </datafield>
  <datafield tag="653" ind1="1" ind2=" ">
    <subfield code="a">Isometric Contraction</subfield>
  </datafield>
  <datafield tag="653" ind1="1" ind2=" ">
    <subfield code="a">Muscle, Skeletal</subfield>
  </datafield>
  <datafield tag="653" ind1="1" ind2=" ">
    <subfield code="a">Physical Endurance</subfield>
  </datafield>
  <datafield tag="653" ind1="1" ind2=" ">
    <subfield code="a">Physical Exertion</subfield>
  </datafield>
  <datafield tag="653" ind1="1" ind2=" ">
    <subfield code="a">Reference Values</subfield>
  </datafield>
  <datafield tag="902" ind1=" " ind2=" ">
    <subfield code="a">Area of Physical Education and Sport, Department of Health Psychology, Miguel Hernandez University of Elche, Avda. de la Universidad s/n., Alicante, Spain.</subfield>
  </datafield>
  <datafield tag="909" ind1="C" ind2="4">
    <subfield code="p">Journal of electromyography and kinesiology : official journal of the International Society of Electrophysiological Kinesiology</subfield>
    <subfield code="v">20</subfield>
    <subfield code="c"></subfield>
    <subfield code="n">1</subfield>
    <subfield code="y">2010-02-01</subfield>
  </datafield>
  <datafield tag="041" ind1=" " ind2=" ">
    <subfield code="a">eng</subfield>
  </datafield>
  <datafield tag="980" ind1=" " ind2=" ">
    <subfield code="a">ARTICLE</subfield>
  </datafield>
  <datafield tag="980" ind1=" " ind2=" ">
    <subfield code="a">PUBMED</subfield>
  </datafield>
  <datafield tag="650" ind1=" " ind2="7">
    <subfield code="a">Journal Article</subfield>
  </datafield>
</record>