
<record>
  
  
  <datafield tag="022" ind1=" " ind2=" ">
    <subfield code="a">1535-7732</subfield>
  </datafield>
  <datafield tag="024" ind1="7" ind2=" ">
    <subfield code="a">10.1016/j.jvir.2008.11.027</subfield>
    <subfield code="2">DOI</subfield>
  </datafield>
  <datafield tag="035" ind1=" " ind2=" ">
    <subfield code="a">19394868</subfield>
    <subfield code="9">PMC</subfield>
  </datafield>
  <datafield tag="245" ind1=" " ind2=" ">
    <subfield code="a">Consensus guidelines for periprocedural management of coagulation status and hemostasis risk in percutaneous image-guided interventions.</subfield>
  </datafield>
  <datafield tag="260" ind1=" " ind2=" ">
    <subfield code="c">2009-06-29</subfield>
  </datafield>
  <datafield tag="520" ind1=" " ind2=" ">
    <subfield code="a"></subfield>
  </datafield>
  <datafield tag="100" ind1=" " ind2=" ">
    <subfield code="a">Patrick C Malloy</subfield>
  </datafield>
  <datafield tag="700" ind1=" " ind2=" ">
    <subfield code="a">Clement J Grassi</subfield>
  </datafield>
  <datafield tag="700" ind1=" " ind2=" ">
    <subfield code="a">Sanjoy Kundu</subfield>
  </datafield>
  <datafield tag="700" ind1=" " ind2=" ">
    <subfield code="a">Debra Ann Gervais</subfield>
  </datafield>
  <datafield tag="700" ind1=" " ind2=" ">
    <subfield code="a">Donald L Miller</subfield>
  </datafield>
  <datafield tag="700" ind1=" " ind2=" ">
    <subfield code="a">Robert B Osnis</subfield>
  </datafield>
  <datafield tag="700" ind1=" " ind2=" ">
    <subfield code="a">Darren W Postoak</subfield>
  </datafield>
  <datafield tag="700" ind1=" " ind2=" ">
    <subfield code="a">Dheeraj K Rajan</subfield>
  </datafield>
  <datafield tag="700" ind1=" " ind2=" ">
    <subfield code="a">David Sacks</subfield>
  </datafield>
  <datafield tag="700" ind1=" " ind2=" ">
    <subfield code="a">Marc S Schwartzberg</subfield>
  </datafield>
  <datafield tag="700" ind1=" " ind2=" ">
    <subfield code="a">Darryl A Zuckerman</subfield>
  </datafield>
  <datafield tag="700" ind1=" " ind2=" ">
    <subfield code="a">John F Cardella</subfield>
  </datafield>
  <datafield tag="653" ind1="1" ind2=" ">
    <subfield code="a">Anticoagulants</subfield>
  </datafield>
  <datafield tag="653" ind1="1" ind2=" ">
    <subfield code="a">Hemostatic Disorders</subfield>
  </datafield>
  <datafield tag="653" ind1="1" ind2=" ">
    <subfield code="a">Humans</subfield>
  </datafield>
  <datafield tag="653" ind1="1" ind2=" ">
    <subfield code="a">North America</subfield>
  </datafield>
  <datafield tag="653" ind1="1" ind2=" ">
    <subfield code="a">Risk Management</subfield>
  </datafield>
  <datafield tag="653" ind1="1" ind2=" ">
    <subfield code="a">Surgery, Computer-Assisted</subfield>
  </datafield>
  <datafield tag="653" ind1="1" ind2=" ">
    <subfield code="a">Vascular Surgical Procedures</subfield>
  </datafield>
  <datafield tag="902" ind1=" " ind2=" ">
    <subfield code="a">Division of Vascular and Interventional Radiology, Jefferson Radiology, Hartford Hospital, 85 Seymour St, Ste 200, Hartford, CT 06106, USA. pmalloy@jeffersonradiology.com</subfield>
  </datafield>
  <datafield tag="909" ind1="C" ind2="4">
    <subfield code="p">Journal of vascular and interventional radiology : JVIR</subfield>
    <subfield code="v">20</subfield>
    <subfield code="c"></subfield>
    <subfield code="n">7 Suppl</subfield>
    <subfield code="y">2009-07-01</subfield>
  </datafield>
  <datafield tag="041" ind1=" " ind2=" ">
    <subfield code="a">eng</subfield>
  </datafield>
  <datafield tag="980" ind1=" " ind2=" ">
    <subfield code="a">ARTICLE</subfield>
  </datafield>
  <datafield tag="980" ind1=" " ind2=" ">
    <subfield code="a">PUBMED</subfield>
  </datafield>
  <datafield tag="000" ind1=" " ind2=" ">
    <subfield code="a">John Fritz Angle</subfield>
  </datafield>
  <datafield tag="000" ind1=" " ind2=" ">
    <subfield code="a">Ganesh Annamalai</subfield>
  </datafield>
  <datafield tag="000" ind1=" " ind2=" ">
    <subfield code="a">Curtis W Bakal</subfield>
  </datafield>
  <datafield tag="000" ind1=" " ind2=" ">
    <subfield code="a">Stephen Balter</subfield>
  </datafield>
  <datafield tag="000" ind1=" " ind2=" ">
    <subfield code="a">Daniel B Brown</subfield>
  </datafield>
  <datafield tag="000" ind1=" " ind2=" ">
    <subfield code="a">Danny Chan</subfield>
  </datafield>
  <datafield tag="000" ind1=" " ind2=" ">
    <subfield code="a">Timothy W I Clark</subfield>
  </datafield>
  <datafield tag="000" ind1=" " ind2=" ">
    <subfield code="a">Bairbre L Connolly</subfield>
  </datafield>
  <datafield tag="000" ind1=" " ind2=" ">
    <subfield code="a">Horacio D'Agostino</subfield>
  </datafield>
  <datafield tag="000" ind1=" " ind2=" ">
    <subfield code="a">Brian D Davison</subfield>
  </datafield>
  <datafield tag="000" ind1=" " ind2=" ">
    <subfield code="a">Peter Drescher</subfield>
  </datafield>
  <datafield tag="000" ind1=" " ind2=" ">
    <subfield code="a">S Nahum Goldberg</subfield>
  </datafield>
  <datafield tag="000" ind1=" " ind2=" ">
    <subfield code="a">Manraj K S Heran</subfield>
  </datafield>
  <datafield tag="000" ind1=" " ind2=" ">
    <subfield code="a">Maxim Itkin</subfield>
  </datafield>
  <datafield tag="000" ind1=" " ind2=" ">
    <subfield code="a">Sanjeeva P Kalva</subfield>
  </datafield>
  <datafield tag="000" ind1=" " ind2=" ">
    <subfield code="a">Arshad Ahmed Khan</subfield>
  </datafield>
  <datafield tag="000" ind1=" " ind2=" ">
    <subfield code="a">Neil M Khilnani</subfield>
  </datafield>
  <datafield tag="000" ind1=" " ind2=" ">
    <subfield code="a">Curtis A Lewis</subfield>
  </datafield>
  <datafield tag="000" ind1=" " ind2=" ">
    <subfield code="a">J Kevin McGraw</subfield>
  </datafield>
  <datafield tag="000" ind1=" " ind2=" ">
    <subfield code="a">Tim McSorley</subfield>
  </datafield>
  <datafield tag="000" ind1=" " ind2=" ">
    <subfield code="a">Philip M Meyers</subfield>
  </datafield>
  <datafield tag="000" ind1=" " ind2=" ">
    <subfield code="a">Steven F Millward</subfield>
  </datafield>
  <datafield tag="000" ind1=" " ind2=" ">
    <subfield code="a">Charles A Owens</subfield>
  </datafield>
  <datafield tag="000" ind1=" " ind2=" ">
    <subfield code="a">Anne C Roberts</subfield>
  </datafield>
  <datafield tag="000" ind1=" " ind2=" ">
    <subfield code="a">Steven C Rose</subfield>
  </datafield>
  <datafield tag="000" ind1=" " ind2=" ">
    <subfield code="a">Tarun Sabharwal</subfield>
  </datafield>
  <datafield tag="000" ind1=" " ind2=" ">
    <subfield code="a">Cindy Kaiser Saiter</subfield>
  </datafield>
  <datafield tag="000" ind1=" " ind2=" ">
    <subfield code="a">Nasir H Siddiqu</subfield>
  </datafield>
  <datafield tag="000" ind1=" " ind2=" ">
    <subfield code="a">LeAnn Stokes</subfield>
  </datafield>
  <datafield tag="000" ind1=" " ind2=" ">
    <subfield code="a">Timothy L Swan</subfield>
  </datafield>
  <datafield tag="000" ind1=" " ind2=" ">
    <subfield code="a">Patricia E Thorpe</subfield>
  </datafield>
  <datafield tag="000" ind1=" " ind2=" ">
    <subfield code="a">Richard Towbin</subfield>
  </datafield>
  <datafield tag="000" ind1=" " ind2=" ">
    <subfield code="a">Aradhana Venkatesan</subfield>
  </datafield>
  <datafield tag="000" ind1=" " ind2=" ">
    <subfield code="a">Louis K Wagner</subfield>
  </datafield>
  <datafield tag="000" ind1=" " ind2=" ">
    <subfield code="a">Michael J Wallace</subfield>
  </datafield>
  <datafield tag="000" ind1=" " ind2=" ">
    <subfield code="a">Bret N Wiechmann</subfield>
  </datafield>
  <datafield tag="000" ind1=" " ind2=" ">
    <subfield code="a">Joan Wojak</subfield>
  </datafield>
  <datafield tag="000" ind1=" " ind2=" ">
    <subfield code="a">Kenneth S Rholl</subfield>
  </datafield>
  <datafield tag="650" ind1=" " ind2="7">
    <subfield code="a">Journal Article</subfield>
  </datafield>
</record>