
<record>
  
  
  <datafield tag="022" ind1=" " ind2=" ">
    <subfield code="a">1090-0233</subfield>
  </datafield>
  <datafield tag="024" ind1="7" ind2=" ">
    <subfield code="a">10.1016/j.tvjl.2009.03.023</subfield>
    <subfield code="2">DOI</subfield>
  </datafield>
  <datafield tag="035" ind1=" " ind2=" ">
    <subfield code="a">19394880</subfield>
    <subfield code="9">PMC</subfield>
  </datafield>
  <datafield tag="245" ind1=" " ind2=" ">
    <subfield code="a">How equitation science can elucidate and refine horsemanship techniques.</subfield>
  </datafield>
  <datafield tag="260" ind1=" " ind2=" ">
    <subfield code="c">2009-05-11</subfield>
  </datafield>
  <datafield tag="520" ind1=" " ind2=" ">
    <subfield code="a">The long-held belief that human dominance and equine submission are key to successful training and that the horse must be taught to 'respect' the trainer infers that force is often used during training. Many horses respond by trialling unwelcome evasions, resistances and flight responses, which readily become established. When unable to cope with problem behaviours, some handlers in the past might have been encouraged to use harsh methods or devices while others may have called in a so-called 'good horseman' or 'horse whisperer' to remediate the horse. Frequently, the approaches such practitioners offer could not be applied by the horse's owner or trainer because of their lack of understanding or inability to apply the techniques. Often it seemed that these 'horse-people' had magical ways with horses (e.g., they only had to whisper to them) that achieved impressive results although they had little motivation to divulge their techniques. As we begin to appreciate how to communicate with horses sensitively and consistently, misunderstandings and misinterpretations by horse and trainer should become less common. Recent studies have begun to reveal what comprises the simplest, most humane and most effective mechanisms in horse training and these advances are being matched by greater sharing of knowledge among practitioners. Indeed, various practitioners of what is referred to here as 'natural horsemanship' now use techniques similar to the 'whisperers' of old, but they are more open about their methods. Reputable horse trainers using natural horsemanship approaches are talented observers of horse behaviour and respond consistently and swiftly to the horse's subtle cues during training. For example, in the roundpen these trainers apply an aversive stimulus to prompt a flight response and then, when the horse slows down, moves toward them, or offers space-reducing affiliative signals, the trainer immediately modifies his/her agonistic signals, thus negatively reinforcing the desired response. Learning theory and equine ethology, the fundamentals of the emerging discipline of equitation science, can be used to explain almost all the behaviour modification that goes on in these contexts and in conventional horsemanship. By measuring and evaluating what works and what does not, equitation science has the potential to have a unifying effect on traditional practices and developing branches of equitation.</subfield>
  </datafield>
  <datafield tag="100" ind1=" " ind2=" ">
    <subfield code="a">Deborah Goodwin</subfield>
  </datafield>
  <datafield tag="700" ind1=" " ind2=" ">
    <subfield code="a">Paul McGreevy</subfield>
  </datafield>
  <datafield tag="700" ind1=" " ind2=" ">
    <subfield code="a">Natalie Waran</subfield>
  </datafield>
  <datafield tag="700" ind1=" " ind2=" ">
    <subfield code="a">Andrew McLean</subfield>
  </datafield>
  <datafield tag="653" ind1="1" ind2=" ">
    <subfield code="a">Animal Welfare</subfield>
  </datafield>
  <datafield tag="653" ind1="1" ind2=" ">
    <subfield code="a">Animals</subfield>
  </datafield>
  <datafield tag="653" ind1="1" ind2=" ">
    <subfield code="a">Behavior, Animal</subfield>
  </datafield>
  <datafield tag="653" ind1="1" ind2=" ">
    <subfield code="a">Bonding, Human-Pet</subfield>
  </datafield>
  <datafield tag="653" ind1="1" ind2=" ">
    <subfield code="a">Conditioning (Psychology)</subfield>
  </datafield>
  <datafield tag="653" ind1="1" ind2=" ">
    <subfield code="a">History, Ancient</subfield>
  </datafield>
  <datafield tag="653" ind1="1" ind2=" ">
    <subfield code="a">History, Medieval</subfield>
  </datafield>
  <datafield tag="653" ind1="1" ind2=" ">
    <subfield code="a">Horses</subfield>
  </datafield>
  <datafield tag="653" ind1="1" ind2=" ">
    <subfield code="a">Humans</subfield>
  </datafield>
  <datafield tag="653" ind1="1" ind2=" ">
    <subfield code="a">Reinforcement (Psychology)</subfield>
  </datafield>
  <datafield tag="653" ind1="1" ind2=" ">
    <subfield code="a">Teaching</subfield>
  </datafield>
  <datafield tag="902" ind1=" " ind2=" ">
    <subfield code="a">School of Psychology, University of Southampton, Southampton, SO17 1BJ, UK. d.goodwin@soton.ac.uk</subfield>
  </datafield>
  <datafield tag="909" ind1="C" ind2="4">
    <subfield code="p">Veterinary journal (London, England : 1997)</subfield>
    <subfield code="v">181</subfield>
    <subfield code="c"></subfield>
    <subfield code="n">1</subfield>
    <subfield code="y">2009-07-01</subfield>
  </datafield>
  <datafield tag="041" ind1=" " ind2=" ">
    <subfield code="a">eng</subfield>
  </datafield>
  <datafield tag="980" ind1=" " ind2=" ">
    <subfield code="a">ARTICLE</subfield>
  </datafield>
  <datafield tag="980" ind1=" " ind2=" ">
    <subfield code="a">PUBMED</subfield>
  </datafield>
  <datafield tag="650" ind1=" " ind2="7">
    <subfield code="a">Historical Article</subfield>
  </datafield>
</record>