
<record>
  
  
  <datafield tag="022" ind1=" " ind2=" ">
    <subfield code="a">1096-0856</subfield>
  </datafield>
  <datafield tag="024" ind1="7" ind2=" ">
    <subfield code="a">10.1016/j.jmr.2009.04.001</subfield>
    <subfield code="2">DOI</subfield>
  </datafield>
  <datafield tag="035" ind1=" " ind2=" ">
    <subfield code="a">19394883</subfield>
    <subfield code="9">PMC</subfield>
  </datafield>
  <datafield tag="245" ind1=" " ind2=" ">
    <subfield code="a">Water molecule contributions to proton spin-lattice relaxation in rotationally immobilized proteins.</subfield>
  </datafield>
  <datafield tag="260" ind1=" " ind2=" ">
    <subfield code="c">2009-06-01</subfield>
  </datafield>
  <datafield tag="520" ind1=" " ind2=" ">
    <subfield code="a">Spin-lattice relaxation rates of protein and water protons in dry and hydrated immobilized bovine serum albumin were measured in the range of (1)H Larmor frequency from 10 kHz to 30 MHz at temperatures from 154 to 302 K. The water proton spin-lattice relaxation reports on that of protein protons, which causes the characteristic power law dependence on the magnetic field strength. Isotope substitution of deuterium for hydrogen in water and studies at different temperatures expose three classes of water molecule dynamics that contribute to the spin-lattice relaxation dispersion profile. At 185 K, a water (1)H relaxation contribution derives from reorientation of protein-bound molecules that are dynamically uncoupled from the protein backbone and is characterized by a Lorentzian function. Bound-water-molecule motions that can be dynamically uncoupled or coupled to the protein fluctuations make dominant contributions at higher temperatures as well. Surface water translational diffusion that is magnetically two-dimensional makes relaxation contributions at frequencies above 10 MHz. It is shown using isotope substitution that the exponent of the power law of the water signal in hydrated immobilized protein systems is the same as that for protons in lyophilized proteins over four orders of magnitude in the Larmor frequency, which implies that changes in the protein structure associated with hydration do not affect the (1)H spin relaxation.</subfield>
  </datafield>
  <datafield tag="100" ind1=" " ind2=" ">
    <subfield code="a">Yanina A Goddard</subfield>
  </datafield>
  <datafield tag="700" ind1=" " ind2=" ">
    <subfield code="a">Jean-Pierre Korb</subfield>
  </datafield>
  <datafield tag="700" ind1=" " ind2=" ">
    <subfield code="a">Robert G Bryant</subfield>
  </datafield>
  <datafield tag="653" ind1="1" ind2=" ">
    <subfield code="a">Algorithms</subfield>
  </datafield>
  <datafield tag="653" ind1="1" ind2=" ">
    <subfield code="a">Computer Simulation</subfield>
  </datafield>
  <datafield tag="653" ind1="1" ind2=" ">
    <subfield code="a">Magnetic Resonance Spectroscopy</subfield>
  </datafield>
  <datafield tag="653" ind1="1" ind2=" ">
    <subfield code="a">Models, Chemical</subfield>
  </datafield>
  <datafield tag="653" ind1="1" ind2=" ">
    <subfield code="a">Protein Binding</subfield>
  </datafield>
  <datafield tag="653" ind1="1" ind2=" ">
    <subfield code="a">Proteins</subfield>
  </datafield>
  <datafield tag="653" ind1="1" ind2=" ">
    <subfield code="a">Protons</subfield>
  </datafield>
  <datafield tag="653" ind1="1" ind2=" ">
    <subfield code="a">Spin Labels</subfield>
  </datafield>
  <datafield tag="653" ind1="1" ind2=" ">
    <subfield code="a">Water</subfield>
  </datafield>
  <datafield tag="902" ind1=" " ind2=" ">
    <subfield code="a">Chemistry Department, University of Virginia, P.O. Box 400319, Charlottesville, VA 22904-4319, USA.</subfield>
  </datafield>
  <datafield tag="909" ind1="C" ind2="4">
    <subfield code="p">Journal of magnetic resonance (San Diego, Calif. : 1997)</subfield>
    <subfield code="v">199</subfield>
    <subfield code="c"></subfield>
    <subfield code="n">1</subfield>
    <subfield code="y">2009-07-01</subfield>
  </datafield>
  <datafield tag="041" ind1=" " ind2=" ">
    <subfield code="a">eng</subfield>
  </datafield>
  <datafield tag="980" ind1=" " ind2=" ">
    <subfield code="a">ARTICLE</subfield>
  </datafield>
  <datafield tag="980" ind1=" " ind2=" ">
    <subfield code="a">PUBMED</subfield>
  </datafield>
  <datafield tag="650" ind1=" " ind2="7">
    <subfield code="a">Journal Article</subfield>
  </datafield>
</record>