
<record>
  
  
  <datafield tag="022" ind1=" " ind2=" ">
    <subfield code="a">1297-9589</subfield>
  </datafield>
  <datafield tag="024" ind1="7" ind2=" ">
    <subfield code="a">10.1016/j.gyobfe.2009.03.014</subfield>
    <subfield code="2">DOI</subfield>
  </datafield>
  <datafield tag="035" ind1=" " ind2=" ">
    <subfield code="a">19394887</subfield>
    <subfield code="9">PMC</subfield>
  </datafield>
  <datafield tag="245" ind1=" " ind2=" ">
    <subfield code="a">[Delivery of twins].</subfield>
  </datafield>
  <datafield tag="260" ind1=" " ind2=" ">
    <subfield code="c">2009-05-18</subfield>
  </datafield>
  <datafield tag="520" ind1=" " ind2=" ">
    <subfield code="a">The assessment of optimal delivery for twin gestations is complex due to the relatively high frequency of obstetrical complications and to the heterogeneity of delivery management in these conditions. The extern validity of the Anglo-Saxon studies is limited in particular because delivery management of the second twin (approach of external cephalic version) differs from the French one (approach of internal version and/or total breech extraction) in cases of non-vertex second twin. Anglo-Saxon studies suggest that a planned vaginal delivery is associated to an increased risk of neonatal morbidity for second twin compared to first twin at term, in particular in cases of combined vaginal-cesarean birth. To reduce the interval twin-to-twin delivery interval and the number of combined vaginal-cesarean births, in our opinion, one must stop to perform external cephalic version and recommend a routinely active management for the second non-vertex twin delivery. With this active management, there is no evidence to support planned cesarean section for twins. Nevertheless, active management requires training as internal version might be difficult to perform, and therefore it is essential to pursue to teach junior obstetrician these obstetric maneuvers. There is limited role for trial of labor after cesarean delivery in twin gestation with a policy of active management.</subfield>
  </datafield>
  <datafield tag="100" ind1=" " ind2=" ">
    <subfield code="a">L Sentilhes</subfield>
  </datafield>
  <datafield tag="700" ind1=" " ind2=" ">
    <subfield code="a">A-C Bouhours</subfield>
  </datafield>
  <datafield tag="700" ind1=" " ind2=" ">
    <subfield code="a">F Biquard</subfield>
  </datafield>
  <datafield tag="700" ind1=" " ind2=" ">
    <subfield code="a">P Gillard</subfield>
  </datafield>
  <datafield tag="700" ind1=" " ind2=" ">
    <subfield code="a">P Descamps</subfield>
  </datafield>
  <datafield tag="700" ind1=" " ind2=" ">
    <subfield code="a">G Kayem</subfield>
  </datafield>
  <datafield tag="653" ind1="1" ind2=" ">
    <subfield code="a">Cesarean Section</subfield>
  </datafield>
  <datafield tag="653" ind1="1" ind2=" ">
    <subfield code="a">Delivery, Obstetric</subfield>
  </datafield>
  <datafield tag="653" ind1="1" ind2=" ">
    <subfield code="a">female</subfield>
  </datafield>
  <datafield tag="653" ind1="1" ind2=" ">
    <subfield code="a">Humans</subfield>
  </datafield>
  <datafield tag="653" ind1="1" ind2=" ">
    <subfield code="a">Infant, Newborn</subfield>
  </datafield>
  <datafield tag="653" ind1="1" ind2=" ">
    <subfield code="a">Meta-Analysis as Topic</subfield>
  </datafield>
  <datafield tag="653" ind1="1" ind2=" ">
    <subfield code="a">Pregnancy</subfield>
  </datafield>
  <datafield tag="653" ind1="1" ind2=" ">
    <subfield code="a">Twins</subfield>
  </datafield>
  <datafield tag="902" ind1=" " ind2=" ">
    <subfield code="a">Service de gynécologie-obstétrique, centre hospitalier universitaire d'Angers, 49033 Angers cedex 01, France. loicsentilhes@hotmail.com</subfield>
  </datafield>
  <datafield tag="909" ind1="C" ind2="4">
    <subfield code="p">Gynécologie, obstétrique &amp; fertilité</subfield>
    <subfield code="v">37</subfield>
    <subfield code="c"></subfield>
    <subfield code="n">5</subfield>
    <subfield code="y">2009-05-01</subfield>
  </datafield>
  <datafield tag="041" ind1=" " ind2=" ">
    <subfield code="a">fre</subfield>
  </datafield>
  <datafield tag="980" ind1=" " ind2=" ">
    <subfield code="a">ARTICLE</subfield>
  </datafield>
  <datafield tag="980" ind1=" " ind2=" ">
    <subfield code="a">PUBMED</subfield>
  </datafield>
  <datafield tag="650" ind1=" " ind2="7">
    <subfield code="a">English Abstract</subfield>
  </datafield>
</record>