
<record>
  
  
  <datafield tag="022" ind1=" " ind2=" ">
    <subfield code="a">1297-9589</subfield>
  </datafield>
  <datafield tag="024" ind1="7" ind2=" ">
    <subfield code="a">10.1016/j.gyobfe.2009.03.015</subfield>
    <subfield code="2">DOI</subfield>
  </datafield>
  <datafield tag="035" ind1=" " ind2=" ">
    <subfield code="a">19394888</subfield>
    <subfield code="9">PMC</subfield>
  </datafield>
  <datafield tag="245" ind1=" " ind2=" ">
    <subfield code="a">[Dead children born: Current regulation, inscription to registry office differs].</subfield>
  </datafield>
  <datafield tag="260" ind1=" " ind2=" ">
    <subfield code="c">2009-05-18</subfield>
  </datafield>
  <datafield tag="520" ind1=" " ind2=" ">
    <subfield code="a">From a juridical point of view, in France, we become a "person" only when we are born "living" and "viable". These two criteria are necessary, but the threshold of viability is not defined by the law. The general education of registry office leaned on a circular fixing a &lt; threshold of viability > itself based on a recommendation of the Worldwide Organization of Health (WHO). The fetus was considered as viable after a term of twenty-two weeks of amenorrhea or if it had a weight over or equal to 500 grammes. The inscription to Registry office differs, as well as the taking care of the body of the child, depending on whether he was born living, viable and living and not viable, dead and viable, or dead and not viable. In France, the civil officer established an act of child declared lifeless when the child was born living but not viable or when the child is death - born but viable. However, parents of not viable and born dead children, often close to the threshold of viability, also liked to acquire an act of lifeless child, to be able to organize funeral has child lifeless and to inscribe it in their family record book. The act of child declared lifeless allows to inscribe the child on the family record book if the parents wish and give to the families the delay of ten days to claim the body. By judgment of February 6th, 2008, the Supreme Court of appeal cancelled rulings where the threshold had been kept to refuse the deliverance of an act of lifeless child. Her Supreme court of appeal considers that law does not impose de threshold from which the recognition of the status of lifeless child would be possible. Since the decrees of August, 2008, there is no border anymore of minimum of term or weight. Consequently, the lifeless born children after an unprompted delivery or a medical break, the pregnancy can be inscribed on the civil record. On the other hand, it is not possible for the precocious wrong coat and the termination of pregnancy.</subfield>
  </datafield>
  <datafield tag="100" ind1=" " ind2=" ">
    <subfield code="a">C Manaouil</subfield>
  </datafield>
  <datafield tag="700" ind1=" " ind2=" ">
    <subfield code="a">M Decourcelle</subfield>
  </datafield>
  <datafield tag="700" ind1=" " ind2=" ">
    <subfield code="a">M Gignon</subfield>
  </datafield>
  <datafield tag="700" ind1=" " ind2=" ">
    <subfield code="a">D Chatelain</subfield>
  </datafield>
  <datafield tag="700" ind1=" " ind2=" ">
    <subfield code="a">O Jardé</subfield>
  </datafield>
  <datafield tag="653" ind1="1" ind2=" ">
    <subfield code="a">Body Weight</subfield>
  </datafield>
  <datafield tag="653" ind1="1" ind2=" ">
    <subfield code="a">Delivery, Obstetric</subfield>
  </datafield>
  <datafield tag="653" ind1="1" ind2=" ">
    <subfield code="a">female</subfield>
  </datafield>
  <datafield tag="653" ind1="1" ind2=" ">
    <subfield code="a">Fetal Death</subfield>
  </datafield>
  <datafield tag="653" ind1="1" ind2=" ">
    <subfield code="a">France</subfield>
  </datafield>
  <datafield tag="653" ind1="1" ind2=" ">
    <subfield code="a">Humans</subfield>
  </datafield>
  <datafield tag="653" ind1="1" ind2=" ">
    <subfield code="a">Medical Records</subfield>
  </datafield>
  <datafield tag="653" ind1="1" ind2=" ">
    <subfield code="a">Pregnancy</subfield>
  </datafield>
  <datafield tag="653" ind1="1" ind2=" ">
    <subfield code="a">Registries</subfield>
  </datafield>
  <datafield tag="653" ind1="1" ind2=" ">
    <subfield code="a">World Health Organization</subfield>
  </datafield>
  <datafield tag="902" ind1=" " ind2=" ">
    <subfield code="a">Service de médecine légale et sociale, CHU Nord, place Victor-Pauchet, 80054 Amiens cedex 1, France. manaouil.cecile@chu-amiens.fr</subfield>
  </datafield>
  <datafield tag="909" ind1="C" ind2="4">
    <subfield code="p">Gynécologie, obstétrique &amp; fertilité</subfield>
    <subfield code="v">37</subfield>
    <subfield code="c"></subfield>
    <subfield code="n">5</subfield>
    <subfield code="y">2009-05-01</subfield>
  </datafield>
  <datafield tag="041" ind1=" " ind2=" ">
    <subfield code="a">fre</subfield>
  </datafield>
  <datafield tag="980" ind1=" " ind2=" ">
    <subfield code="a">ARTICLE</subfield>
  </datafield>
  <datafield tag="980" ind1=" " ind2=" ">
    <subfield code="a">PUBMED</subfield>
  </datafield>
  <datafield tag="650" ind1=" " ind2="7">
    <subfield code="a">English Abstract</subfield>
  </datafield>
</record>