
<record>
  
  
  <datafield tag="022" ind1=" " ind2=" ">
    <subfield code="a">1879-0356</subfield>
  </datafield>
  <datafield tag="024" ind1="7" ind2=" ">
    <subfield code="a">10.1016/j.pbi.2009.03.001</subfield>
    <subfield code="2">DOI</subfield>
  </datafield>
  <datafield tag="035" ind1=" " ind2=" ">
    <subfield code="a">19394891</subfield>
    <subfield code="9">PMC</subfield>
  </datafield>
  <datafield tag="245" ind1=" " ind2=" ">
    <subfield code="a">STANDing strong, resistance proteins instigators of plant defence.</subfield>
  </datafield>
  <datafield tag="260" ind1=" " ind2=" ">
    <subfield code="c">2009-08-11</subfield>
  </datafield>
  <datafield tag="520" ind1=" " ind2=" ">
    <subfield code="a">Resistance (R) proteins are involved in specific pathogen recognition and subsequent initiation of host defence. Most R proteins are nucleotide binding - leucine rich repeat (NB-LRR) proteins, which form a subgroup within the STAND (signal transduction ATPases with numerous domains) family. Activity of these multi-domain proteins depends on their ability to bind and hydrolyse nucleotides. Since R protein activation often triggers cell-death tight regulation of activation is essential. Autoinhibition, which seems to be accomplished by intramolecular interactions between the various domains, is important to retain R proteins inactive. This review summarizes recent data on intra- and intermolecular interactions that support a model in which pathogen perception triggers a series of conformational changes, allowing the newly exposed NB domain to interact with downstream signalling partners and activate defence signalling.</subfield>
  </datafield>
  <datafield tag="100" ind1=" " ind2=" ">
    <subfield code="a">Ewa Lukasik</subfield>
  </datafield>
  <datafield tag="700" ind1=" " ind2=" ">
    <subfield code="a">Frank L W Takken</subfield>
  </datafield>
  <datafield tag="653" ind1="1" ind2=" ">
    <subfield code="a">Host-Pathogen Interactions</subfield>
  </datafield>
  <datafield tag="653" ind1="1" ind2=" ">
    <subfield code="a">Immunity, Innate</subfield>
  </datafield>
  <datafield tag="653" ind1="1" ind2=" ">
    <subfield code="a">Models, Molecular</subfield>
  </datafield>
  <datafield tag="653" ind1="1" ind2=" ">
    <subfield code="a">Plant Diseases</subfield>
  </datafield>
  <datafield tag="653" ind1="1" ind2=" ">
    <subfield code="a">Plant Proteins</subfield>
  </datafield>
  <datafield tag="653" ind1="1" ind2=" ">
    <subfield code="a">Plants</subfield>
  </datafield>
  <datafield tag="653" ind1="1" ind2=" ">
    <subfield code="a">Protein Structure, Tertiary</subfield>
  </datafield>
  <datafield tag="653" ind1="1" ind2=" ">
    <subfield code="a">Proteins</subfield>
  </datafield>
  <datafield tag="653" ind1="1" ind2=" ">
    <subfield code="a">Signal Transduction</subfield>
  </datafield>
  <datafield tag="902" ind1=" " ind2=" ">
    <subfield code="a">Plant Pathology, Swammerdam Institute for Life Sciences, University of Amsterdam, Amsterdam, The Netherlands.</subfield>
  </datafield>
  <datafield tag="909" ind1="C" ind2="4">
    <subfield code="p">Current opinion in plant biology</subfield>
    <subfield code="v">12</subfield>
    <subfield code="c"></subfield>
    <subfield code="n">4</subfield>
    <subfield code="y">2009-08-01</subfield>
  </datafield>
  <datafield tag="041" ind1=" " ind2=" ">
    <subfield code="a">eng</subfield>
  </datafield>
  <datafield tag="980" ind1=" " ind2=" ">
    <subfield code="a">ARTICLE</subfield>
  </datafield>
  <datafield tag="980" ind1=" " ind2=" ">
    <subfield code="a">PUBMED</subfield>
  </datafield>
  <datafield tag="650" ind1=" " ind2="7">
    <subfield code="a">Journal Article</subfield>
  </datafield>
</record>