
<record>
  
  
  <datafield tag="022" ind1=" " ind2=" ">
    <subfield code="a">1471-4892</subfield>
  </datafield>
  <datafield tag="024" ind1="7" ind2=" ">
    <subfield code="a">10.1016/j.coph.2009.03.008</subfield>
    <subfield code="2">DOI</subfield>
  </datafield>
  <datafield tag="035" ind1=" " ind2=" ">
    <subfield code="a">19394895</subfield>
    <subfield code="9">PMC</subfield>
  </datafield>
  <datafield tag="245" ind1=" " ind2=" ">
    <subfield code="a">Ins and outs of cardiac voltage-gated potassium channels.</subfield>
  </datafield>
  <datafield tag="260" ind1=" " ind2=" ">
    <subfield code="c">2009-06-01</subfield>
  </datafield>
  <datafield tag="520" ind1=" " ind2=" ">
    <subfield code="a">Voltage-gated potassium (Kv) channels play an important role in regulating cardiac muscle excitability by controlling action potential duration and frequency. Essential for this activity is proper localization and organization of the cardiac Kv channels in specific microdomains of the plasma membrane. The underlying processes involve tight control of anterograde and retrograde Kv channel trafficking into and out of the plasma membrane. Thus, cardiac Kv channel density at the cell surface is regulated by a dynamic interplay of endocytotic and recycling pathways, the mechanisms of which are mostly unknown. Recent studies have indicated that the lipid composition in the Kv channel surround profoundly influences these processes. Local differences in lipid composition altering the mechanic state of the lipid bilayer or a specific interaction with an important domain of the Kv channel markedly affect voltage-sensitive gating, clustering, and mobility of cardiac Kv channels and, thereby, the excitability in the healthy and diseased heart muscles.</subfield>
  </datafield>
  <datafield tag="100" ind1=" " ind2=" ">
    <subfield code="a">Olaf Pongs</subfield>
  </datafield>
  <datafield tag="653" ind1="1" ind2=" ">
    <subfield code="a">Animals</subfield>
  </datafield>
  <datafield tag="653" ind1="1" ind2=" ">
    <subfield code="a">Cell Membrane</subfield>
  </datafield>
  <datafield tag="653" ind1="1" ind2=" ">
    <subfield code="a">Endocytosis</subfield>
  </datafield>
  <datafield tag="653" ind1="1" ind2=" ">
    <subfield code="a">Humans</subfield>
  </datafield>
  <datafield tag="653" ind1="1" ind2=" ">
    <subfield code="a">Lipids</subfield>
  </datafield>
  <datafield tag="653" ind1="1" ind2=" ">
    <subfield code="a">Myocardium</subfield>
  </datafield>
  <datafield tag="653" ind1="1" ind2=" ">
    <subfield code="a">Myocytes, Cardiac</subfield>
  </datafield>
  <datafield tag="653" ind1="1" ind2=" ">
    <subfield code="a">Potassium Channels, Voltage-Gated</subfield>
  </datafield>
  <datafield tag="653" ind1="1" ind2=" ">
    <subfield code="a">Protein Transport</subfield>
  </datafield>
  <datafield tag="902" ind1=" " ind2=" ">
    <subfield code="a">Institut für Neurale Signalverarbeitung, Centre for Molecular Neurobiology, University Hospital Eppendorf, Martinistr. 52, 20246 Hamburg, Germany. morin@zmnh.uni-hamburg.de</subfield>
  </datafield>
  <datafield tag="909" ind1="C" ind2="4">
    <subfield code="p">Current opinion in pharmacology</subfield>
    <subfield code="v">9</subfield>
    <subfield code="c"></subfield>
    <subfield code="n">3</subfield>
    <subfield code="y">2009-06-01</subfield>
  </datafield>
  <datafield tag="041" ind1=" " ind2=" ">
    <subfield code="a">eng</subfield>
  </datafield>
  <datafield tag="980" ind1=" " ind2=" ">
    <subfield code="a">ARTICLE</subfield>
  </datafield>
  <datafield tag="980" ind1=" " ind2=" ">
    <subfield code="a">PUBMED</subfield>
  </datafield>
  <datafield tag="650" ind1=" " ind2="7">
    <subfield code="a">Journal Article</subfield>
  </datafield>
</record>