
<record>
  
  
  <datafield tag="022" ind1=" " ind2=" ">
    <subfield code="a">1873-5223</subfield>
  </datafield>
  <datafield tag="024" ind1="7" ind2=" ">
    <subfield code="a">10.1016/j.nepr.2009.03.010</subfield>
    <subfield code="2">DOI</subfield>
  </datafield>
  <datafield tag="035" ind1=" " ind2=" ">
    <subfield code="a">19394896</subfield>
    <subfield code="9">PMC</subfield>
  </datafield>
  <datafield tag="245" ind1=" " ind2=" ">
    <subfield code="a">Nursing patients with acute chest pain: practice guided by the Prince Edward Island conceptual model for nursing.</subfield>
  </datafield>
  <datafield tag="260" ind1=" " ind2=" ">
    <subfield code="c">2009-12-07</subfield>
  </datafield>
  <datafield tag="520" ind1=" " ind2=" ">
    <subfield code="a">Current research suggests that pain is a relatively common phenomenon with 60-90% of patients presenting to emergency departments reporting pain (e.g., chest pain, trauma, extremity fractures and migraine headache) that require treatment [Hogan, S.L., 2005. Patient satisfaction with pain management in the emergency department. Advanced Emergency Nursing Journal 27(4), 284-294]. This article explores the use of conceptual theoretical empirical (C-T-E) framework to guide a senior nursing student in a case study of patient with chest pain. The Middle Range Theory of Pain described by Good [Good, M., 1998. A middle-range theory of acute pain management: use in research. Nursing Outlook 46(3), 120-124] and Melzack's [Melzack, R., 1987. The short-form McGill pain questionnaire. Pain, 30, 191-197] short form McGill pain questionnaire were applied along with the Prince Edward Island conceptual model (PEICM) for nursing. Results indicate that the nursing student increased her ability to work in partnership, assess relevant and specific information, and identify a number of strategies to help the patient achieve pain control by using a complement of pharmacological and non-pharmacological interventions. Moreover, the C-T-E approach provided an organized and systematic theoretical approach for the nursing student to assist a patient in pain control.</subfield>
  </datafield>
  <datafield tag="100" ind1=" " ind2=" ">
    <subfield code="a">Janelle F Blanchard</subfield>
  </datafield>
  <datafield tag="700" ind1=" " ind2=" ">
    <subfield code="a">Donna A Murnaghan</subfield>
  </datafield>
  <datafield tag="653" ind1="1" ind2=" ">
    <subfield code="a">Chest Pain</subfield>
  </datafield>
  <datafield tag="653" ind1="1" ind2=" ">
    <subfield code="a">Emergency Service, Hospital</subfield>
  </datafield>
  <datafield tag="653" ind1="1" ind2=" ">
    <subfield code="a">Humans</subfield>
  </datafield>
  <datafield tag="653" ind1="1" ind2=" ">
    <subfield code="a">male</subfield>
  </datafield>
  <datafield tag="653" ind1="1" ind2=" ">
    <subfield code="a">Middle Aged</subfield>
  </datafield>
  <datafield tag="653" ind1="1" ind2=" ">
    <subfield code="a">Models, Nursing</subfield>
  </datafield>
  <datafield tag="653" ind1="1" ind2=" ">
    <subfield code="a">Nursing Process</subfield>
  </datafield>
  <datafield tag="653" ind1="1" ind2=" ">
    <subfield code="a">Patient Satisfaction</subfield>
  </datafield>
  <datafield tag="653" ind1="1" ind2=" ">
    <subfield code="a">Primary Health Care</subfield>
  </datafield>
  <datafield tag="653" ind1="1" ind2=" ">
    <subfield code="a">Prince Edward Island</subfield>
  </datafield>
  <datafield tag="653" ind1="1" ind2=" ">
    <subfield code="a">Questionnaires</subfield>
  </datafield>
  <datafield tag="902" ind1=" " ind2=" ">
    <subfield code="a">Emergency Room Nurse, Charlottetown, Prince Edward Island, Canada. janelleblanchard@hotmail.com</subfield>
  </datafield>
  <datafield tag="909" ind1="C" ind2="4">
    <subfield code="p">Nurse education in practice</subfield>
    <subfield code="v">10</subfield>
    <subfield code="c"></subfield>
    <subfield code="n">1</subfield>
    <subfield code="y">2010-01-01</subfield>
  </datafield>
  <datafield tag="041" ind1=" " ind2=" ">
    <subfield code="a">eng</subfield>
  </datafield>
  <datafield tag="980" ind1=" " ind2=" ">
    <subfield code="a">ARTICLE</subfield>
  </datafield>
  <datafield tag="980" ind1=" " ind2=" ">
    <subfield code="a">PUBMED</subfield>
  </datafield>
  <datafield tag="650" ind1=" " ind2="7">
    <subfield code="a">Journal Article</subfield>
  </datafield>
</record>