
<record>
  
  
  <datafield tag="022" ind1=" " ind2=" ">
    <subfield code="a">1878-562X</subfield>
  </datafield>
  <datafield tag="024" ind1="7" ind2=" ">
    <subfield code="a">10.1016/j.bioelechem.2009.02.015</subfield>
    <subfield code="2">DOI</subfield>
  </datafield>
  <datafield tag="035" ind1=" " ind2=" ">
    <subfield code="a">19394900</subfield>
    <subfield code="9">PMC</subfield>
  </datafield>
  <datafield tag="245" ind1=" " ind2=" ">
    <subfield code="a">Real-time detection of cofactor availability in genetically modified living Saccharomyces cerevisiae cells--simultaneous probing of different geno- and phenotypes.</subfield>
  </datafield>
  <datafield tag="260" ind1=" " ind2=" ">
    <subfield code="c">2009-08-18</subfield>
  </datafield>
  <datafield tag="520" ind1=" " ind2=" ">
    <subfield code="a">This work describes a mediated amperometric method for simultaneous real-time probing of the NAD(P)H availability in two different phenotypes, fermentative and respiratory, of the phosphoglucose isomerase deletion mutant strain of S. cerevisiae, EBY44 [ENY.WA-1A pgi1-1D::URA3], and its parental strain, ENY.WA-1A. The developed method is based on multichannel detection using microelectrode arrays. Its versatility was demonstrated by using four microelectrode arrays for simultaneously monitoring the NAD(P)H availability of both geno- and phenotypes under the influence of two different carbon sources, glucose and fructose, as well as the cytosolic and mitochondrial inhibitor and uncoupler, dicoumarol. The obtained results indicate that the method is capable of accurately and reproducibly (overall relative standard error of mean 3.2%) mapping the real-time responses of the cells with different genotype-phenotype combinations. The ENY.WA cells showed the same response to glucose and fructose when dicoumarol was used; fermentative cells indicated the presence of cytosolic inhibition and respiratory cells a net effect of mitochondrial uncoupling. EBY44 cells showed cytosolic inhibition with the exception of respiratory cells when fructose was used as carbon source.</subfield>
  </datafield>
  <datafield tag="100" ind1=" " ind2=" ">
    <subfield code="a">Natalie Kostesha</subfield>
  </datafield>
  <datafield tag="700" ind1=" " ind2=" ">
    <subfield code="a">Arto Heiskanen</subfield>
  </datafield>
  <datafield tag="700" ind1=" " ind2=" ">
    <subfield code="a">Christer Spégel</subfield>
  </datafield>
  <datafield tag="700" ind1=" " ind2=" ">
    <subfield code="a">Barbel Hahn-Hägerdal</subfield>
  </datafield>
  <datafield tag="700" ind1=" " ind2=" ">
    <subfield code="a">Marie-Francoise Gorwa-Grauslund</subfield>
  </datafield>
  <datafield tag="700" ind1=" " ind2=" ">
    <subfield code="a">Jenny Emnéus</subfield>
  </datafield>
  <datafield tag="653" ind1="1" ind2=" ">
    <subfield code="a">Cell Respiration</subfield>
  </datafield>
  <datafield tag="653" ind1="1" ind2=" ">
    <subfield code="a">Dicumarol</subfield>
  </datafield>
  <datafield tag="653" ind1="1" ind2=" ">
    <subfield code="a">Electrochemistry</subfield>
  </datafield>
  <datafield tag="653" ind1="1" ind2=" ">
    <subfield code="a">Fermentation</subfield>
  </datafield>
  <datafield tag="653" ind1="1" ind2=" ">
    <subfield code="a">Genetic Engineering</subfield>
  </datafield>
  <datafield tag="653" ind1="1" ind2=" ">
    <subfield code="a">Genotype</subfield>
  </datafield>
  <datafield tag="653" ind1="1" ind2=" ">
    <subfield code="a">Intracellular Space</subfield>
  </datafield>
  <datafield tag="653" ind1="1" ind2=" ">
    <subfield code="a">Microelectrodes</subfield>
  </datafield>
  <datafield tag="653" ind1="1" ind2=" ">
    <subfield code="a">Oxidation-Reduction</subfield>
  </datafield>
  <datafield tag="653" ind1="1" ind2=" ">
    <subfield code="a">phenotype</subfield>
  </datafield>
  <datafield tag="653" ind1="1" ind2=" ">
    <subfield code="a">Saccharomyces cerevisiae</subfield>
  </datafield>
  <datafield tag="653" ind1="1" ind2=" ">
    <subfield code="a">Time Factors</subfield>
  </datafield>
  <datafield tag="653" ind1="1" ind2=" ">
    <subfield code="a">Vitamin K 3</subfield>
  </datafield>
  <datafield tag="902" ind1=" " ind2=" ">
    <subfield code="a">Department of Applied Microbiology, Lund University, P.O. Box 124, S-221 00 Lund, Sweden.</subfield>
  </datafield>
  <datafield tag="909" ind1="C" ind2="4">
    <subfield code="p">Bioelectrochemistry (Amsterdam, Netherlands)</subfield>
    <subfield code="v">76</subfield>
    <subfield code="c"></subfield>
    <subfield code="n">1-2</subfield>
    <subfield code="y">2009-09-01</subfield>
  </datafield>
  <datafield tag="041" ind1=" " ind2=" ">
    <subfield code="a">eng</subfield>
  </datafield>
  <datafield tag="980" ind1=" " ind2=" ">
    <subfield code="a">ARTICLE</subfield>
  </datafield>
  <datafield tag="980" ind1=" " ind2=" ">
    <subfield code="a">PUBMED</subfield>
  </datafield>
  <datafield tag="650" ind1=" " ind2="7">
    <subfield code="a">Journal Article</subfield>
  </datafield>
</record>