
<record>
  
  
  <datafield tag="022" ind1=" " ind2=" ">
    <subfield code="a">1873-376X</subfield>
  </datafield>
  <datafield tag="024" ind1="7" ind2=" ">
    <subfield code="a">10.1016/j.jchromb.2009.04.015</subfield>
    <subfield code="2">DOI</subfield>
  </datafield>
  <datafield tag="035" ind1=" " ind2=" ">
    <subfield code="a">19394901</subfield>
    <subfield code="9">PMC</subfield>
  </datafield>
  <datafield tag="245" ind1=" " ind2=" ">
    <subfield code="a">Label-free relative quantification method for low-abundance glycoproteins in human serum by micrOTOF-Q.</subfield>
  </datafield>
  <datafield tag="260" ind1=" " ind2=" ">
    <subfield code="c">2009-05-18</subfield>
  </datafield>
  <datafield tag="520" ind1=" " ind2=" ">
    <subfield code="a">In this study, a label-free relative quantification strategy was developed for quantifying low-abundance glycoproteins in human serum. It included three steps: (1) immunodepletion of 12 high-abundance proteins, (2) enrichment of low-abundance glycoproteins by multi-lectin column, (3) relative quantification of them between different samples by micrOTOF-Q. We also evaluated the specificity and efficiency of immunodepletion, the accuracy of protein quantification and the possible influence of immunodepletion, glycoprotein enrichment, trypsin digestion and peptide ionization on quantification. In conclusion, the relative quantification method can be effectively applied to the screening of low-abundance biomarkers.</subfield>
  </datafield>
  <datafield tag="100" ind1=" " ind2=" ">
    <subfield code="a">Piliang Hao</subfield>
  </datafield>
  <datafield tag="700" ind1=" " ind2=" ">
    <subfield code="a">Yan Ren</subfield>
  </datafield>
  <datafield tag="700" ind1=" " ind2=" ">
    <subfield code="a">Yongming Xie</subfield>
  </datafield>
  <datafield tag="653" ind1="1" ind2=" ">
    <subfield code="a">Glycoproteins</subfield>
  </datafield>
  <datafield tag="653" ind1="1" ind2=" ">
    <subfield code="a">Humans</subfield>
  </datafield>
  <datafield tag="653" ind1="1" ind2=" ">
    <subfield code="a">Spectrometry, Mass, Electrospray Ionization</subfield>
  </datafield>
  <datafield tag="653" ind1="1" ind2=" ">
    <subfield code="a">Tandem Mass Spectrometry</subfield>
  </datafield>
  <datafield tag="902" ind1=" " ind2=" ">
    <subfield code="a">Beijing Institute of Genomics, Chinese Academy of Sciences, Beijing Airport Industrial Zone B-6, Beijing 101318, China. hpiliang@163.com</subfield>
  </datafield>
  <datafield tag="909" ind1="C" ind2="4">
    <subfield code="p">Journal of chromatography. B, Analytical technologies in the biomedical and life sciences</subfield>
    <subfield code="v">877</subfield>
    <subfield code="c"></subfield>
    <subfield code="n">16-17</subfield>
    <subfield code="y">2009-06-01</subfield>
  </datafield>
  <datafield tag="041" ind1=" " ind2=" ">
    <subfield code="a">eng</subfield>
  </datafield>
  <datafield tag="980" ind1=" " ind2=" ">
    <subfield code="a">ARTICLE</subfield>
  </datafield>
  <datafield tag="980" ind1=" " ind2=" ">
    <subfield code="a">PUBMED</subfield>
  </datafield>
  <datafield tag="650" ind1=" " ind2="7">
    <subfield code="a">Evaluation Studies</subfield>
  </datafield>
</record>