
<record>
  
  
  <datafield tag="022" ind1=" " ind2=" ">
    <subfield code="a">1878-7568</subfield>
  </datafield>
  <datafield tag="024" ind1="7" ind2=" ">
    <subfield code="a">10.1016/j.actbio.2009.03.035</subfield>
    <subfield code="2">DOI</subfield>
  </datafield>
  <datafield tag="035" ind1=" " ind2=" ">
    <subfield code="a">19394902</subfield>
    <subfield code="9">PMC</subfield>
  </datafield>
  <datafield tag="245" ind1=" " ind2=" ">
    <subfield code="a">Self-assembly of a swollen chitosan/chondroitin sulfate hydrogel by outward diffusion of the chondroitin sulfate chains.</subfield>
  </datafield>
  <datafield tag="260" ind1=" " ind2=" ">
    <subfield code="c">2009-08-25</subfield>
  </datafield>
  <datafield tag="520" ind1=" " ind2=" ">
    <subfield code="a">A hydrogel constituted of chitosan (CT) and chondroitin sulfate (CS) was synthesized. In previously reported works the stochiometric ratio has been used, but in this paper an excess of CS (40% CT and 60% CS) was used because the hydrogel could be applied as a CS carrier. The hydrogel properties were investigated by differential scanning calorimetry, wide-angle X-ray scattering (WAXS), scanning electron microscopy, and high-performance liquid chromatography. Changes in the pH of the gel-surrounding liquid had a considerable effect on both the release and the molecular reorganization of CS. Furthermore, the formed hydrogel exhibited interesting parameters for use in biotechnology, such as water affinity, thermal properties and morphology upon sequential pH variation. The protonation or deprotonation of the different groups that participate in the complex formation and the coiling or uncoiling of like or unlike chains concomitant to the release of CS are believed to be the main factors affecting the hydrogel properties. CS was released mainly at pH higher than 6.5, the value of pK(aCT), and the released CS maximum fraction was approximately 0.5. The WAXS data demonstrated that the CT/CS complex in the hydrogel presented macromolecular reorganization at pHs ranging from 6 to 12.</subfield>
  </datafield>
  <datafield tag="100" ind1=" " ind2=" ">
    <subfield code="a">Juliana F Piai</subfield>
  </datafield>
  <datafield tag="700" ind1=" " ind2=" ">
    <subfield code="a">Adley F Rubira</subfield>
  </datafield>
  <datafield tag="700" ind1=" " ind2=" ">
    <subfield code="a">Edvani C Muniz</subfield>
  </datafield>
  <datafield tag="653" ind1="1" ind2=" ">
    <subfield code="a">Absorption</subfield>
  </datafield>
  <datafield tag="653" ind1="1" ind2=" ">
    <subfield code="a">Biocompatible Materials</subfield>
  </datafield>
  <datafield tag="653" ind1="1" ind2=" ">
    <subfield code="a">Chitosan</subfield>
  </datafield>
  <datafield tag="653" ind1="1" ind2=" ">
    <subfield code="a">Chondroitin Sulfates</subfield>
  </datafield>
  <datafield tag="653" ind1="1" ind2=" ">
    <subfield code="a">Diffusion</subfield>
  </datafield>
  <datafield tag="653" ind1="1" ind2=" ">
    <subfield code="a">Hydrogels</subfield>
  </datafield>
  <datafield tag="653" ind1="1" ind2=" ">
    <subfield code="a">Materials Testing</subfield>
  </datafield>
  <datafield tag="653" ind1="1" ind2=" ">
    <subfield code="a">Surface Properties</subfield>
  </datafield>
  <datafield tag="902" ind1=" " ind2=" ">
    <subfield code="a">Grupo de Materiais Poliméricos e Compósitos, GMPC, Departamento de Química, Universidade Estadual de Maringá, Av. Colombo 5790, 87020-900 Maringá, Paraná, Brazil.</subfield>
  </datafield>
  <datafield tag="909" ind1="C" ind2="4">
    <subfield code="p">Acta biomaterialia</subfield>
    <subfield code="v">5</subfield>
    <subfield code="c"></subfield>
    <subfield code="n">7</subfield>
    <subfield code="y">2009-09-01</subfield>
  </datafield>
  <datafield tag="041" ind1=" " ind2=" ">
    <subfield code="a">eng</subfield>
  </datafield>
  <datafield tag="980" ind1=" " ind2=" ">
    <subfield code="a">ARTICLE</subfield>
  </datafield>
  <datafield tag="980" ind1=" " ind2=" ">
    <subfield code="a">PUBMED</subfield>
  </datafield>
  <datafield tag="650" ind1=" " ind2="7">
    <subfield code="a">Journal Article</subfield>
  </datafield>
</record>