
<record>
  
  
  <datafield tag="022" ind1=" " ind2=" ">
    <subfield code="a">1878-7568</subfield>
  </datafield>
  <datafield tag="024" ind1="7" ind2=" ">
    <subfield code="a">10.1016/j.actbio.2009.03.037</subfield>
    <subfield code="2">DOI</subfield>
  </datafield>
  <datafield tag="035" ind1=" " ind2=" ">
    <subfield code="a">19394903</subfield>
    <subfield code="9">PMC</subfield>
  </datafield>
  <datafield tag="245" ind1=" " ind2=" ">
    <subfield code="a">Gallium nitride induces neuronal differentiation markers in neural stem/precursor cells derived from rat cerebral cortex.</subfield>
  </datafield>
  <datafield tag="260" ind1=" " ind2=" ">
    <subfield code="c">2009-08-25</subfield>
  </datafield>
  <datafield tag="520" ind1=" " ind2=" ">
    <subfield code="a">In the present study, gallium nitride (GaN) was used as a substrate to culture neural stem/precursor cells (NSPCs), isolated from embryonic rat cerebral cortex, to examine the effect of GaN on the behavior of NSPCs in the presence of basic fibroblast growth factor (bFGF) in serum-free medium. Morphological studies showed that neurospheres maintained their initial shape and formed many long and thick processes with the fasciculate feature on GaN. Immunocytochemical characterization showed that GaN could induce the differentiation of NSPCs into neurons and astrocytes. Compared to poly-d-lysine (PDL), the most common substrate used for culturing neurons, there was considerable expression of synapsin I for differentiated neurons on GaN, suggesting GaN could induce the differentiation of NSPCs towards the mature differentiated neurons. Western blot analysis showed that the suppression of glycogen synthase kinase-3beta (GSK-3beta) activity was one of the effects of GaN-promoted NSPC differentiation into neurons. Finally, compared to PDL, GaN could significantly improve cell survival to reduce cell death after long-term culture. These results suggest that GaN potentially has a combination of electric characteristics suitable for developing neuron and/or NSPC chip systems.</subfield>
  </datafield>
  <datafield tag="100" ind1=" " ind2=" ">
    <subfield code="a">Chi-Ruei Chen</subfield>
  </datafield>
  <datafield tag="700" ind1=" " ind2=" ">
    <subfield code="a">Yi-Chen Li</subfield>
  </datafield>
  <datafield tag="700" ind1=" " ind2=" ">
    <subfield code="a">Tai-Horng Young</subfield>
  </datafield>
  <datafield tag="653" ind1="1" ind2=" ">
    <subfield code="a">Animals</subfield>
  </datafield>
  <datafield tag="653" ind1="1" ind2=" ">
    <subfield code="a">Biological Markers</subfield>
  </datafield>
  <datafield tag="653" ind1="1" ind2=" ">
    <subfield code="a">Cell Differentiation</subfield>
  </datafield>
  <datafield tag="653" ind1="1" ind2=" ">
    <subfield code="a">Cells, Cultured</subfield>
  </datafield>
  <datafield tag="653" ind1="1" ind2=" ">
    <subfield code="a">Cerebral Cortex</subfield>
  </datafield>
  <datafield tag="653" ind1="1" ind2=" ">
    <subfield code="a">Gallium</subfield>
  </datafield>
  <datafield tag="653" ind1="1" ind2=" ">
    <subfield code="a">Neurons</subfield>
  </datafield>
  <datafield tag="653" ind1="1" ind2=" ">
    <subfield code="a">Rats</subfield>
  </datafield>
  <datafield tag="653" ind1="1" ind2=" ">
    <subfield code="a">Rats, Wistar</subfield>
  </datafield>
  <datafield tag="653" ind1="1" ind2=" ">
    <subfield code="a">Signal Transduction</subfield>
  </datafield>
  <datafield tag="653" ind1="1" ind2=" ">
    <subfield code="a">Stem Cells</subfield>
  </datafield>
  <datafield tag="653" ind1="1" ind2=" ">
    <subfield code="a">Synapsins</subfield>
  </datafield>
  <datafield tag="902" ind1=" " ind2=" ">
    <subfield code="a">Institute of Biomedical Engineering, College of Medicine and College of Engineering, National Taiwan University, Taipei 100, Taiwan, ROC.</subfield>
  </datafield>
  <datafield tag="909" ind1="C" ind2="4">
    <subfield code="p">Acta biomaterialia</subfield>
    <subfield code="v">5</subfield>
    <subfield code="c"></subfield>
    <subfield code="n">7</subfield>
    <subfield code="y">2009-09-01</subfield>
  </datafield>
  <datafield tag="041" ind1=" " ind2=" ">
    <subfield code="a">eng</subfield>
  </datafield>
  <datafield tag="980" ind1=" " ind2=" ">
    <subfield code="a">ARTICLE</subfield>
  </datafield>
  <datafield tag="980" ind1=" " ind2=" ">
    <subfield code="a">PUBMED</subfield>
  </datafield>
  <datafield tag="650" ind1=" " ind2="7">
    <subfield code="a">Journal Article</subfield>
  </datafield>
</record>