
<record>
  
  
  <datafield tag="022" ind1=" " ind2=" ">
    <subfield code="a">1878-7568</subfield>
  </datafield>
  <datafield tag="024" ind1="7" ind2=" ">
    <subfield code="a">10.1016/j.actbio.2009.03.025</subfield>
    <subfield code="2">DOI</subfield>
  </datafield>
  <datafield tag="035" ind1=" " ind2=" ">
    <subfield code="a">19394904</subfield>
    <subfield code="9">PMC</subfield>
  </datafield>
  <datafield tag="245" ind1=" " ind2=" ">
    <subfield code="a">In vitro structural changes in porous HA/beta-TCP scaffolds in simulated body fluid.</subfield>
  </datafield>
  <datafield tag="260" ind1=" " ind2=" ">
    <subfield code="c">2009-08-25</subfield>
  </datafield>
  <datafield tag="520" ind1=" " ind2=" ">
    <subfield code="a">Porous scaffolds of biphasic calcium phosphate (hydroxyapatite/beta-tricalcium phosphate (beta-TCP)) have been fabricated and changes induced both in phase composition and porous architecture by immersion in simulated body fluid (SBF) under static and orbital stirring conditions have been studied. The starting porous scaffolds exhibit a low and randomized micro- and mesoporosity, an interconnected macroporosity centered at 100 and 0.6microm, a fractal connectivity of D=2.981 and total percent porosity of ca. 80%. After immersion for up to 60days the micro- and mesoporosity increase slightly, which could be attributed to dissolution of the beta-TCP phase confirmed by transmission electron microscopy. The effects of the change in the porous framework with SBF immersion time favor the bioactive behavior of the tested materials, inducing a nucleation and growth of a nanocrystalline apatite phase as the interconnected macroporosity centered at 0.6microm is reduced. The macroporosity centered at 100microm is still stable after 60days in SBF. Therefore, these biphasic calcium phosphate porous scaffolds combine bioactive behavior with the stability of interconnected macroporosity over large periods of soaking time in SBF under static and orbital stirring conditions.</subfield>
  </datafield>
  <datafield tag="100" ind1=" " ind2=" ">
    <subfield code="a">S Sánchez-Salcedo</subfield>
  </datafield>
  <datafield tag="700" ind1=" " ind2=" ">
    <subfield code="a">F Balas</subfield>
  </datafield>
  <datafield tag="700" ind1=" " ind2=" ">
    <subfield code="a">I Izquierdo-Barba</subfield>
  </datafield>
  <datafield tag="700" ind1=" " ind2=" ">
    <subfield code="a">M Vallet-Regí</subfield>
  </datafield>
  <datafield tag="653" ind1="1" ind2=" ">
    <subfield code="a">Biocompatible Materials</subfield>
  </datafield>
  <datafield tag="653" ind1="1" ind2=" ">
    <subfield code="a">Biomimetic Materials</subfield>
  </datafield>
  <datafield tag="653" ind1="1" ind2=" ">
    <subfield code="a">Body Fluids</subfield>
  </datafield>
  <datafield tag="653" ind1="1" ind2=" ">
    <subfield code="a">Calcium Phosphates</subfield>
  </datafield>
  <datafield tag="653" ind1="1" ind2=" ">
    <subfield code="a">Crystallization</subfield>
  </datafield>
  <datafield tag="653" ind1="1" ind2=" ">
    <subfield code="a">Durapatite</subfield>
  </datafield>
  <datafield tag="653" ind1="1" ind2=" ">
    <subfield code="a">Materials Testing</subfield>
  </datafield>
  <datafield tag="653" ind1="1" ind2=" ">
    <subfield code="a">Porosity</subfield>
  </datafield>
  <datafield tag="902" ind1=" " ind2=" ">
    <subfield code="a">Departamento de Química Inorgánica y Bioinorgánica, Facultad de Farmacia, Universidad Complutense de Madrid, 28040 Madrid, Spain.</subfield>
  </datafield>
  <datafield tag="909" ind1="C" ind2="4">
    <subfield code="p">Acta biomaterialia</subfield>
    <subfield code="v">5</subfield>
    <subfield code="c"></subfield>
    <subfield code="n">7</subfield>
    <subfield code="y">2009-09-01</subfield>
  </datafield>
  <datafield tag="041" ind1=" " ind2=" ">
    <subfield code="a">eng</subfield>
  </datafield>
  <datafield tag="980" ind1=" " ind2=" ">
    <subfield code="a">ARTICLE</subfield>
  </datafield>
  <datafield tag="980" ind1=" " ind2=" ">
    <subfield code="a">PUBMED</subfield>
  </datafield>
  <datafield tag="650" ind1=" " ind2="7">
    <subfield code="a">Journal Article</subfield>
  </datafield>
</record>