
<record>
  
  
  <datafield tag="022" ind1=" " ind2=" ">
    <subfield code="a">1878-7568</subfield>
  </datafield>
  <datafield tag="024" ind1="7" ind2=" ">
    <subfield code="a">10.1016/j.actbio.2009.03.039</subfield>
    <subfield code="2">DOI</subfield>
  </datafield>
  <datafield tag="035" ind1=" " ind2=" ">
    <subfield code="a">19394906</subfield>
    <subfield code="9">PMC</subfield>
  </datafield>
  <datafield tag="245" ind1=" " ind2=" ">
    <subfield code="a">Drug-eluting bioabsorbable stents - an in vitro study.</subfield>
  </datafield>
  <datafield tag="260" ind1=" " ind2=" ">
    <subfield code="c">2009-09-22</subfield>
  </datafield>
  <datafield tag="520" ind1=" " ind2=" ">
    <subfield code="a">The aim of this study was to investigate the drug elution properties of novel drug-eluting bioabsorbable stents in vitro with four different drugs: dexamethasone, indomethacin, simvastatin and ciprofloxacin. Braided stents of poly-lactic acid (96l/4d) fibers were coated with a solution containing the appropriate bioabsorbable polymer and drug, with acetone as the solvent. Two different drug concentrations for both non-sterile and gamma sterilized stents were used for dexamethasone and indomethacin. For ciprofloxacin and simvastatin, only one drug dose was used. The stents were placed in sodium-phosphate-buffered saline in a shaking incubator (pH 7.4, +37 degrees C) and the eluted drug was measured periodically using an ultraviolet spectrometer. The drugs were hydrophobic to different degrees, as demonstrated by their various speeds of elution. In general, the higher the drug load in the stent, the faster the drug elution and the more hydrophilic the elution profile. In the cases of dexamethasone, indomethacin and ciprofloxacin, the sterilization decreased the drug elution rate slightly and the elution started earlier. However, in the case of ciprofloxacin, the gamma sterilization increased the drug elution rate slightly. Sustained elution was achieved for all four drugs. It was also evident that both the concentration and the hydrophility of the drug had a great influence on the drug elution profile. Gamma sterilization modified the drug elution profiles of dexamethasone, indomethacin and simvastatin, but had little effect on the drug elution profile of ciprofloxacin compared to three other drugs.</subfield>
  </datafield>
  <datafield tag="100" ind1=" " ind2=" ">
    <subfield code="a">J Mikkonen</subfield>
  </datafield>
  <datafield tag="700" ind1=" " ind2=" ">
    <subfield code="a">I Uurto</subfield>
  </datafield>
  <datafield tag="700" ind1=" " ind2=" ">
    <subfield code="a">T Isotalo</subfield>
  </datafield>
  <datafield tag="700" ind1=" " ind2=" ">
    <subfield code="a">A Kotsar</subfield>
  </datafield>
  <datafield tag="700" ind1=" " ind2=" ">
    <subfield code="a">T L J Tammela</subfield>
  </datafield>
  <datafield tag="700" ind1=" " ind2=" ">
    <subfield code="a">M Talja</subfield>
  </datafield>
  <datafield tag="700" ind1=" " ind2=" ">
    <subfield code="a">J-P Salenius</subfield>
  </datafield>
  <datafield tag="700" ind1=" " ind2=" ">
    <subfield code="a">P Törmälä</subfield>
  </datafield>
  <datafield tag="700" ind1=" " ind2=" ">
    <subfield code="a">M Kellomäki</subfield>
  </datafield>
  <datafield tag="653" ind1="1" ind2=" ">
    <subfield code="a">Absorbable Implants</subfield>
  </datafield>
  <datafield tag="653" ind1="1" ind2=" ">
    <subfield code="a">Absorption</subfield>
  </datafield>
  <datafield tag="653" ind1="1" ind2=" ">
    <subfield code="a">Anti-Inflammatory Agents</subfield>
  </datafield>
  <datafield tag="653" ind1="1" ind2=" ">
    <subfield code="a">Biocompatible Materials</subfield>
  </datafield>
  <datafield tag="653" ind1="1" ind2=" ">
    <subfield code="a">Diffusion</subfield>
  </datafield>
  <datafield tag="653" ind1="1" ind2=" ">
    <subfield code="a">Drug-Eluting Stents</subfield>
  </datafield>
  <datafield tag="653" ind1="1" ind2=" ">
    <subfield code="a">Equipment Design</subfield>
  </datafield>
  <datafield tag="653" ind1="1" ind2=" ">
    <subfield code="a">Equipment Failure Analysis</subfield>
  </datafield>
  <datafield tag="653" ind1="1" ind2=" ">
    <subfield code="a">Materials Testing</subfield>
  </datafield>
  <datafield tag="902" ind1=" " ind2=" ">
    <subfield code="a">Institute of Biomaterials, Tampere University of Technology, Tampere 33101, Finland. joonas.mikkonen@bioretec.com</subfield>
  </datafield>
  <datafield tag="909" ind1="C" ind2="4">
    <subfield code="p">Acta biomaterialia</subfield>
    <subfield code="v">5</subfield>
    <subfield code="c"></subfield>
    <subfield code="n">8</subfield>
    <subfield code="y">2009-10-01</subfield>
  </datafield>
  <datafield tag="041" ind1=" " ind2=" ">
    <subfield code="a">eng</subfield>
  </datafield>
  <datafield tag="980" ind1=" " ind2=" ">
    <subfield code="a">ARTICLE</subfield>
  </datafield>
  <datafield tag="980" ind1=" " ind2=" ">
    <subfield code="a">PUBMED</subfield>
  </datafield>
  <datafield tag="650" ind1=" " ind2="7">
    <subfield code="a">Journal Article</subfield>
  </datafield>
</record>