
<record>
  
  
  <datafield tag="022" ind1=" " ind2=" ">
    <subfield code="a">1876-861X</subfield>
  </datafield>
  <datafield tag="024" ind1="7" ind2=" ">
    <subfield code="a">10.1016/j.jcct.2009.03.005</subfield>
    <subfield code="2">DOI</subfield>
  </datafield>
  <datafield tag="035" ind1=" " ind2=" ">
    <subfield code="a">19394919</subfield>
    <subfield code="9">PMC</subfield>
  </datafield>
  <datafield tag="245" ind1=" " ind2=" ">
    <subfield code="a">Optimizing CAD diagnosis in China with CT angiography.</subfield>
  </datafield>
  <datafield tag="260" ind1=" " ind2=" ">
    <subfield code="c">2009-06-16</subfield>
  </datafield>
  <datafield tag="520" ind1=" " ind2=" ">
    <subfield code="a">Diagnosis of coronary artery disease (CAD) in China with coronary angiography (CA) can be challenging because of high disease prevalence and limited resources. Coronary computed tomography angiography (CTA) may provide an opportunity to minimize invasive diagnostic procedures among intermediate-risk patients indicated for CA and increase patient access to diagnosis of CAD in a cost-effective manner.</subfield>
  </datafield>
  <datafield tag="100" ind1=" " ind2=" ">
    <subfield code="a">Mindy M Cheng</subfield>
  </datafield>
  <datafield tag="700" ind1=" " ind2=" ">
    <subfield code="a">Bin Lu</subfield>
  </datafield>
  <datafield tag="700" ind1=" " ind2=" ">
    <subfield code="a">Sheng-shou Hu</subfield>
  </datafield>
  <datafield tag="700" ind1=" " ind2=" ">
    <subfield code="a">Claudio Marelli</subfield>
  </datafield>
  <datafield tag="700" ind1=" " ind2=" ">
    <subfield code="a">Mitchell K Higashi</subfield>
  </datafield>
  <datafield tag="700" ind1=" " ind2=" ">
    <subfield code="a">Pankaj A Patel</subfield>
  </datafield>
  <datafield tag="700" ind1=" " ind2=" ">
    <subfield code="a">Jiacheng Li</subfield>
  </datafield>
  <datafield tag="700" ind1=" " ind2=" ">
    <subfield code="a">David L Veenstra</subfield>
  </datafield>
  <datafield tag="653" ind1="1" ind2=" ">
    <subfield code="a">China</subfield>
  </datafield>
  <datafield tag="653" ind1="1" ind2=" ">
    <subfield code="a">Coronary Angiography</subfield>
  </datafield>
  <datafield tag="653" ind1="1" ind2=" ">
    <subfield code="a">Coronary Artery Disease</subfield>
  </datafield>
  <datafield tag="653" ind1="1" ind2=" ">
    <subfield code="a">Humans</subfield>
  </datafield>
  <datafield tag="653" ind1="1" ind2=" ">
    <subfield code="a">Tomography, X-Ray Computed</subfield>
  </datafield>
  <datafield tag="902" ind1=" " ind2=" ">
    <subfield code="a">University of Washington, Seattle, WA 98195, USA.</subfield>
  </datafield>
  <datafield tag="909" ind1="C" ind2="4">
    <subfield code="p">Journal of cardiovascular computed tomography</subfield>
    <subfield code="v">3</subfield>
    <subfield code="c"></subfield>
    <subfield code="n">3</subfield>
    <subfield code="y">2009-05-01</subfield>
  </datafield>
  <datafield tag="041" ind1=" " ind2=" ">
    <subfield code="a">eng</subfield>
  </datafield>
  <datafield tag="980" ind1=" " ind2=" ">
    <subfield code="a">ARTICLE</subfield>
  </datafield>
  <datafield tag="980" ind1=" " ind2=" ">
    <subfield code="a">PUBMED</subfield>
  </datafield>
  <datafield tag="650" ind1=" " ind2="7">
    <subfield code="a">Journal Article</subfield>
  </datafield>
</record>