
<record>
  
  
  <datafield tag="022" ind1=" " ind2=" ">
    <subfield code="a">0031-9384</subfield>
  </datafield>
  <datafield tag="024" ind1="7" ind2=" ">
    <subfield code="a">10.1016/j.physbeh.2009.01.021</subfield>
    <subfield code="2">DOI</subfield>
  </datafield>
  <datafield tag="035" ind1=" " ind2=" ">
    <subfield code="a">19394921</subfield>
    <subfield code="9">PMC</subfield>
  </datafield>
  <datafield tag="245" ind1=" " ind2=" ">
    <subfield code="a">Progesterone and medroxyprogesterone acetate differentially regulate alpha4 subunit expression of GABA(A) receptors in the CA1 hippocampus of female rats.</subfield>
  </datafield>
  <datafield tag="260" ind1=" " ind2=" ">
    <subfield code="c">2009-04-27</subfield>
  </datafield>
  <datafield tag="520" ind1=" " ind2=" ">
    <subfield code="a">The Women's Health Initiative trials - in which more extreme adverse outcomes were observed in the medroxyprogesterone acetate (MPA) + conjugated equine estrogen (CEE) arm, as compared to the CEE only arm - suggest that the addition of MPA to estrogen treatment has undesirable consequences. An important question raised by these results is whether the adverse outcomes observed in the progestin arm can be attributed to effects that are unique to MPA or are common to all progestins. In this study we explored the potential for MPA and progesterone (P4) to differentially impact neuroendocrine function by comparing their effects on mRNA expression for the alpha4 subunit of GABA(a) receptors in the CA1 hippocampus of female rats. Prior research has shown that P4, acting through its reduced metabolite allopregnanolone (AP), can mediate alpha4 subunit expression, thereby altering GABA(A) receptor gated currents. By contrast, MPA competitively inhibits the enzymes necessary for the synthesis of AP. In this study, ovariectomized females were primed with estradiol benzoate and then treated with P4, MPA, or vehicle. Subjects were sacrificed 12 h or 24 h later and in situ hybridization was used to measure alpha4 mRNA in the CA1 hippocampus. At 12 h but not 24 h, alpha4 mRNA was reduced in the P4 group as compared to the MPA group, and as compared to the vehicle group. These results suggest that MPA, while progestational in terms of its effects in the uterus, is not a simple substitute for P4 in other systems. The relative impact of these two progestins on neuroendocrine function must be carefully explored.</subfield>
  </datafield>
  <datafield tag="100" ind1=" " ind2=" ">
    <subfield code="a">Karen Pazol</subfield>
  </datafield>
  <datafield tag="700" ind1=" " ind2=" ">
    <subfield code="a">Katharine V Northcutt</subfield>
  </datafield>
  <datafield tag="700" ind1=" " ind2=" ">
    <subfield code="a">Heather B Patisaul</subfield>
  </datafield>
  <datafield tag="700" ind1=" " ind2=" ">
    <subfield code="a">Kim Wallen</subfield>
  </datafield>
  <datafield tag="700" ind1=" " ind2=" ">
    <subfield code="a">Mark E Wilson</subfield>
  </datafield>
  <datafield tag="653" ind1="1" ind2=" ">
    <subfield code="a">Animals</subfield>
  </datafield>
  <datafield tag="653" ind1="1" ind2=" ">
    <subfield code="a">Drug Interactions</subfield>
  </datafield>
  <datafield tag="653" ind1="1" ind2=" ">
    <subfield code="a">Estradiol</subfield>
  </datafield>
  <datafield tag="653" ind1="1" ind2=" ">
    <subfield code="a">female</subfield>
  </datafield>
  <datafield tag="653" ind1="1" ind2=" ">
    <subfield code="a">Hippocampus</subfield>
  </datafield>
  <datafield tag="653" ind1="1" ind2=" ">
    <subfield code="a">Medroxyprogesterone Acetate</subfield>
  </datafield>
  <datafield tag="653" ind1="1" ind2=" ">
    <subfield code="a">Ovariectomy</subfield>
  </datafield>
  <datafield tag="653" ind1="1" ind2=" ">
    <subfield code="a">Progesterone</subfield>
  </datafield>
  <datafield tag="653" ind1="1" ind2=" ">
    <subfield code="a">RNA, Messenger</subfield>
  </datafield>
  <datafield tag="653" ind1="1" ind2=" ">
    <subfield code="a">Rats</subfield>
  </datafield>
  <datafield tag="653" ind1="1" ind2=" ">
    <subfield code="a">Rats, Long-Evans</subfield>
  </datafield>
  <datafield tag="653" ind1="1" ind2=" ">
    <subfield code="a">Receptors, GABA-A</subfield>
  </datafield>
  <datafield tag="902" ind1=" " ind2=" ">
    <subfield code="a">Emory University School of Medicine, 1462 Clifton Road, Suite 446, Atlanta GA 30322, United States. kpazol@emory.edu</subfield>
  </datafield>
  <datafield tag="909" ind1="C" ind2="4">
    <subfield code="p">Physiology &amp; behavior</subfield>
    <subfield code="v">97</subfield>
    <subfield code="c"></subfield>
    <subfield code="n">1</subfield>
    <subfield code="y">2009-04-20</subfield>
  </datafield>
  <datafield tag="041" ind1=" " ind2=" ">
    <subfield code="a">eng</subfield>
  </datafield>
  <datafield tag="980" ind1=" " ind2=" ">
    <subfield code="a">ARTICLE</subfield>
  </datafield>
  <datafield tag="980" ind1=" " ind2=" ">
    <subfield code="a">PUBMED</subfield>
  </datafield>
  <datafield tag="650" ind1=" " ind2="7">
    <subfield code="a">Journal Article</subfield>
  </datafield>
</record>