
<record>
  
  
  <datafield tag="022" ind1=" " ind2=" ">
    <subfield code="a">1096-0953</subfield>
  </datafield>
  <datafield tag="024" ind1="7" ind2=" ">
    <subfield code="a">10.1016/j.envres.2009.03.006</subfield>
    <subfield code="2">DOI</subfield>
  </datafield>
  <datafield tag="035" ind1=" " ind2=" ">
    <subfield code="a">19394924</subfield>
    <subfield code="9">PMC</subfield>
  </datafield>
  <datafield tag="245" ind1=" " ind2=" ">
    <subfield code="a">Chronic exposure to fine particulate matter emitted by traffic affects reproductive and fetal outcomes in mice.</subfield>
  </datafield>
  <datafield tag="260" ind1=" " ind2=" ">
    <subfield code="c">2009-06-09</subfield>
  </datafield>
  <datafield tag="520" ind1=" " ind2=" ">
    <subfield code="a">Air pollution is an important environmental health risk factor that can result in many different gestational and reproductive negative outcomes. In this study, we have investigated the effects of two different times of exposure (before conception and during pregnancy) to urban ambient particulate matter on reproductive and pregnancy outcomes in mice. Using exposure chambers receiving filtered (F) and non-filtered (NF) air, we observed that exposed females exhibited changes in the length of estrus cycle and extended estrus and, therefore, a reduction in the number of cycles during the studied period (F 2.6 +/- 0.22 and NF 1.2 +/- 0.29, p = 0.03). The mean number of antral follicles declined by 36% (p = 0.04) in NF mice (75 +/- 35.2) compared to F mice (118.6 +/- 18.4). Our results further indicate a significant increase in time necessary for mating and decreased fertility and pregnancy indices (p = 0.003) in NF couples. Mean post-implantation loss rates were increased by 70% (p &lt; or = 0.005) in the NF2 group (exposed before and during pregnancy to NF air) compared to the F1 group (exposed before and during pregnancy to F air) and were influenced by both pre-gestational (p &lt; 0.004) and gestational (p &lt; 0.01) period exposure. Fetal weight was significantly higher in the F1 group when compared with the other groups (p &lt; 0.001), at a 20% higher weight in the F1 group (0.86 +/- 0.18 g) than in the NF2 group (0.68 +/- 0.10 g). Furthermore, fetal weight was influenced by both pre-gestational and gestational period exposure, and a significant interaction between these two factors was found (p &lt; 0.001). This study demonstrated that exposure to ambient levels of urban traffic-generated particulate matter negatively affects different functions and stages of the reproductive process. Our results also reinforce the idea that maternal exposure to air pollution is linked to negative pregnancy outcomes, even if the exposure occurs only before conception.</subfield>
  </datafield>
  <datafield tag="100" ind1=" " ind2=" ">
    <subfield code="a">Mariana Matera Veras</subfield>
  </datafield>
  <datafield tag="700" ind1=" " ind2=" ">
    <subfield code="a">Nilsa Regina Damaceno-Rodrigues</subfield>
  </datafield>
  <datafield tag="700" ind1=" " ind2=" ">
    <subfield code="a">Rosane Maria Guimarães Silva</subfield>
  </datafield>
  <datafield tag="700" ind1=" " ind2=" ">
    <subfield code="a">Julia Nogueira Scoriza</subfield>
  </datafield>
  <datafield tag="700" ind1=" " ind2=" ">
    <subfield code="a">Paulo H Nascimento Saldiva</subfield>
  </datafield>
  <datafield tag="700" ind1=" " ind2=" ">
    <subfield code="a">Elia Garcia Caldini</subfield>
  </datafield>
  <datafield tag="700" ind1=" " ind2=" ">
    <subfield code="a">Marisa Dolhnikoff</subfield>
  </datafield>
  <datafield tag="653" ind1="1" ind2=" ">
    <subfield code="a">Animals</subfield>
  </datafield>
  <datafield tag="653" ind1="1" ind2=" ">
    <subfield code="a">female</subfield>
  </datafield>
  <datafield tag="653" ind1="1" ind2=" ">
    <subfield code="a">Fetus</subfield>
  </datafield>
  <datafield tag="653" ind1="1" ind2=" ">
    <subfield code="a">Maternal Exposure</subfield>
  </datafield>
  <datafield tag="653" ind1="1" ind2=" ">
    <subfield code="a">Mice</subfield>
  </datafield>
  <datafield tag="653" ind1="1" ind2=" ">
    <subfield code="a">Pregnancy</subfield>
  </datafield>
  <datafield tag="653" ind1="1" ind2=" ">
    <subfield code="a">Pregnancy Outcome</subfield>
  </datafield>
  <datafield tag="653" ind1="1" ind2=" ">
    <subfield code="a">Reproduction</subfield>
  </datafield>
  <datafield tag="653" ind1="1" ind2=" ">
    <subfield code="a">Vehicle Emissions</subfield>
  </datafield>
  <datafield tag="902" ind1=" " ind2=" ">
    <subfield code="a">Laboratory of Experimental Air Pollution (LIM05), Department of Pathology, School of Medicine, University of São Paulo, Avenida Doutor Arnaldo, 455, sala 1155, Cerqueira Cesar, Zip Code 01246-903, São Paulo, Brazil. verasine@usp.br</subfield>
  </datafield>
  <datafield tag="909" ind1="C" ind2="4">
    <subfield code="p">Environmental research</subfield>
    <subfield code="v">109</subfield>
    <subfield code="c"></subfield>
    <subfield code="n">5</subfield>
    <subfield code="y">2009-07-01</subfield>
  </datafield>
  <datafield tag="041" ind1=" " ind2=" ">
    <subfield code="a">eng</subfield>
  </datafield>
  <datafield tag="980" ind1=" " ind2=" ">
    <subfield code="a">ARTICLE</subfield>
  </datafield>
  <datafield tag="980" ind1=" " ind2=" ">
    <subfield code="a">PUBMED</subfield>
  </datafield>
  <datafield tag="650" ind1=" " ind2="7">
    <subfield code="a">Journal Article</subfield>
  </datafield>
</record>