
<record>
  
  
  <datafield tag="022" ind1=" " ind2=" ">
    <subfield code="a">1618-1301</subfield>
  </datafield>
  <datafield tag="024" ind1="7" ind2=" ">
    <subfield code="a">10.1016/j.jchb.2008.06.008</subfield>
    <subfield code="2">DOI</subfield>
  </datafield>
  <datafield tag="035" ind1=" " ind2=" ">
    <subfield code="a">19394926</subfield>
    <subfield code="9">PMC</subfield>
  </datafield>
  <datafield tag="245" ind1=" " ind2=" ">
    <subfield code="a">Dental morphology and ancestry in Albuquerque, New Mexico Hispanics.</subfield>
  </datafield>
  <datafield tag="260" ind1=" " ind2=" ">
    <subfield code="c">2009-05-19</subfield>
  </datafield>
  <datafield tag="520" ind1=" " ind2=" ">
    <subfield code="a">The term "Hispanic" groups people from Central and South America and the Caribbean, combining disparate cultures, languages, and ancestry, and masking biological differences. Historical and current admixture patterns within these populations and with indigenous and European-, African-, and/or Asian- derived populations complicate the biological picture. Although "Hispanic" has little biological meaning, it is used widely in epidemiology, disease management, and forensics as a biologically significant group. An interdisciplinary approach combining historical, cultural, and biological data can characterize regional and temporal differences between Hispanic populations. We examined biological distances with a population of central New Mexico Hispanics, as a case study of the local specificity of population history. We collected dental morphological trait frequencies from samples of recent Albuquerque-area Hispanic Americans and several ancestral and contemporary groups. To explore regional admixture patterns we calculated biological distances using the modified Mahalanobis D(2) statistic. Our results indicate that Albuquerque Hispanics are more similar to their European and African ancestral groups than to Native Americans in New Mexico. Additionally, their affinity to Native Americans is greater with prehistoric rather than contemporary samples. We argue that these results reflect a local rather than pan-Hispanic admixture pattern; they underscore that populations are better understood at the local and regional levels. It is undesirable to make sweeping biological generalizations for groups known to be geographically and genetically disparate. This research is part of a growing trend in biological research concerning Hispanics and other groups-an emphasis on local samples, informed by historical, cultural, and biological factors.</subfield>
  </datafield>
  <datafield tag="100" ind1=" " ind2=" ">
    <subfield code="a">C M Willermet</subfield>
  </datafield>
  <datafield tag="700" ind1=" " ind2=" ">
    <subfield code="a">H J H Edgar</subfield>
  </datafield>
  <datafield tag="653" ind1="1" ind2=" ">
    <subfield code="a">African Americans</subfield>
  </datafield>
  <datafield tag="653" ind1="1" ind2=" ">
    <subfield code="a">African Continental Ancestry Group</subfield>
  </datafield>
  <datafield tag="653" ind1="1" ind2=" ">
    <subfield code="a">American Native Continental Ancestry Group</subfield>
  </datafield>
  <datafield tag="653" ind1="1" ind2=" ">
    <subfield code="a">European Continental Ancestry Group</subfield>
  </datafield>
  <datafield tag="653" ind1="1" ind2=" ">
    <subfield code="a">Hispanic Americans</subfield>
  </datafield>
  <datafield tag="653" ind1="1" ind2=" ">
    <subfield code="a">History, 15th Century</subfield>
  </datafield>
  <datafield tag="653" ind1="1" ind2=" ">
    <subfield code="a">History, 16th Century</subfield>
  </datafield>
  <datafield tag="653" ind1="1" ind2=" ">
    <subfield code="a">History, 17th Century</subfield>
  </datafield>
  <datafield tag="653" ind1="1" ind2=" ">
    <subfield code="a">History, 18th Century</subfield>
  </datafield>
  <datafield tag="653" ind1="1" ind2=" ">
    <subfield code="a">History, 19th Century</subfield>
  </datafield>
  <datafield tag="653" ind1="1" ind2=" ">
    <subfield code="a">History, 20th Century</subfield>
  </datafield>
  <datafield tag="653" ind1="1" ind2=" ">
    <subfield code="a">History, Medieval</subfield>
  </datafield>
  <datafield tag="653" ind1="1" ind2=" ">
    <subfield code="a">Humans</subfield>
  </datafield>
  <datafield tag="653" ind1="1" ind2=" ">
    <subfield code="a">Indians, North American</subfield>
  </datafield>
  <datafield tag="653" ind1="1" ind2=" ">
    <subfield code="a">New Mexico</subfield>
  </datafield>
  <datafield tag="653" ind1="1" ind2=" ">
    <subfield code="a">Paleodontology</subfield>
  </datafield>
  <datafield tag="653" ind1="1" ind2=" ">
    <subfield code="a">Tooth</subfield>
  </datafield>
  <datafield tag="902" ind1=" " ind2=" ">
    <subfield code="a">Department of Sociology, Anthropology, and Social Work, Central Michigan University, Mt. Pleasant, MI 48859, USA. wille2cm@cmich.edu</subfield>
  </datafield>
  <datafield tag="909" ind1="C" ind2="4">
    <subfield code="p">Homo : internationale Zeitschrift für die vergleichende Forschung am Menschen</subfield>
    <subfield code="v">60</subfield>
    <subfield code="c"></subfield>
    <subfield code="n">3</subfield>
    <subfield code="y">2009-01-01</subfield>
  </datafield>
  <datafield tag="041" ind1=" " ind2=" ">
    <subfield code="a">eng</subfield>
  </datafield>
  <datafield tag="980" ind1=" " ind2=" ">
    <subfield code="a">ARTICLE</subfield>
  </datafield>
  <datafield tag="980" ind1=" " ind2=" ">
    <subfield code="a">PUBMED</subfield>
  </datafield>
  <datafield tag="650" ind1=" " ind2="7">
    <subfield code="a">Comparative Study</subfield>
  </datafield>
</record>