
<record>
  
  
  <datafield tag="022" ind1=" " ind2=" ">
    <subfield code="a">1873-2380</subfield>
  </datafield>
  <datafield tag="024" ind1="7" ind2=" ">
    <subfield code="a">10.1016/j.jbiomech.2009.03.012</subfield>
    <subfield code="2">DOI</subfield>
  </datafield>
  <datafield tag="035" ind1=" " ind2=" ">
    <subfield code="a">19394942</subfield>
    <subfield code="9">PMC</subfield>
  </datafield>
  <datafield tag="245" ind1=" " ind2=" ">
    <subfield code="a">Modelling the mechanical response of elastin for arterial tissue.</subfield>
  </datafield>
  <datafield tag="260" ind1=" " ind2=" ">
    <subfield code="c">2009-06-15</subfield>
  </datafield>
  <datafield tag="520" ind1=" " ind2=" ">
    <subfield code="a">We compare two constitutive models proposed to model the elastinous constituents of an artery. Holzapfel and Weizsäcker [1998. Biomechanical behavior of the arterial wall and its numerical characterization. Comput. Biol. Med. 28, 377-392] attribute a neo-Hookean response, i.e. Psi=c(I(1)-3)), to the elastin whilst Zulliger et al. [2004a. A strain energy function for arteries accounting for wall composition and structure. J. Biomech. 37, 989-1000] propose Psi=c(I(1)-3)(3/2). We analyse these constitutive models for two specific cases: (i) uniaxial extension of an elastinous sheet; (ii) inflation of a cylindrical elastinous membrane. For case (i) we illustrate the functional relationships between: (a) the Cauchy stress (CS) and the Green-Lagrange (GL) strain; (b) the tangent modulus (gradient of the CS-GL strain curve) and linearised strain. The predicted mechanical responses are compared with recent uniaxial extension tests on elastin [Gundiah, N., Ratcliffe, M.B., Pruitt, L.A., 2007. Determination of strain energy function for arterial elastin: experiments using histology and mechanical tests. J. Biomech. 40, 586-594; Lillie, M.A., Gosline, J.M., 2007a. Limits to the durability of arterial elastic tissue. Biomaterials 28, 2021-2031; 2007b. Mechanical properties of elastin along the thoracic aorta in the pig. J. Biomech. 40, 2214-2221]. The neo-Hookean model accurately predicts the mechanical response of a single elastin fibre. However, it is unable to accurately capture the mechanical response of arterial elastin, e.g. the initial toe region of arterial elastin (if it exists) or the gradual increase in modulus of arterial elastin that occurs as it is stretched. The alternative constitutive model (n=32) yields a nonlinear mechanical response that departs from recent uniaxial test data mentioned above, for the same stretch range. For case (ii) we illustrate the pressure-circumferential stretch relationships and the gradients of the pressure-circumferential stretch curves: significant qualitative differences are observed. For the neo-Hookean model, the gradient decreases rapidly to zero, however, for n=32, the gradient decreases more gradually to a constant value. We conclude that whilst the neo-Hookean model has limitations, it appears to capture more accurately the mechanical response of elastin.</subfield>
  </datafield>
  <datafield tag="100" ind1=" " ind2=" ">
    <subfield code="a">Paul N Watton</subfield>
  </datafield>
  <datafield tag="700" ind1=" " ind2=" ">
    <subfield code="a">Yiannis Ventikos</subfield>
  </datafield>
  <datafield tag="700" ind1=" " ind2=" ">
    <subfield code="a">Gerhard A Holzapfel</subfield>
  </datafield>
  <datafield tag="653" ind1="1" ind2=" ">
    <subfield code="a">Animals</subfield>
  </datafield>
  <datafield tag="653" ind1="1" ind2=" ">
    <subfield code="a">Arteries</subfield>
  </datafield>
  <datafield tag="653" ind1="1" ind2=" ">
    <subfield code="a">Biomechanics</subfield>
  </datafield>
  <datafield tag="653" ind1="1" ind2=" ">
    <subfield code="a">Elasticity</subfield>
  </datafield>
  <datafield tag="653" ind1="1" ind2=" ">
    <subfield code="a">Elastin</subfield>
  </datafield>
  <datafield tag="653" ind1="1" ind2=" ">
    <subfield code="a">Humans</subfield>
  </datafield>
  <datafield tag="653" ind1="1" ind2=" ">
    <subfield code="a">Models, Biological</subfield>
  </datafield>
  <datafield tag="902" ind1=" " ind2=" ">
    <subfield code="a">Department of Engineering Science and Institute of Biomedical Engineering, University of Oxford, Parks Road, Oxford, UK. Paul.Watton@eng.ox.ac.uk</subfield>
  </datafield>
  <datafield tag="909" ind1="C" ind2="4">
    <subfield code="p">Journal of biomechanics</subfield>
    <subfield code="v">42</subfield>
    <subfield code="c"></subfield>
    <subfield code="n">9</subfield>
    <subfield code="y">2009-06-19</subfield>
  </datafield>
  <datafield tag="041" ind1=" " ind2=" ">
    <subfield code="a">eng</subfield>
  </datafield>
  <datafield tag="980" ind1=" " ind2=" ">
    <subfield code="a">ARTICLE</subfield>
  </datafield>
  <datafield tag="980" ind1=" " ind2=" ">
    <subfield code="a">PUBMED</subfield>
  </datafield>
  <datafield tag="650" ind1=" " ind2="7">
    <subfield code="a">Comparative Study</subfield>
  </datafield>
</record>