
<record>
  
  
  <datafield tag="022" ind1=" " ind2=" ">
    <subfield code="a">1873-2380</subfield>
  </datafield>
  <datafield tag="024" ind1="7" ind2=" ">
    <subfield code="a">10.1016/j.jbiomech.2009.02.029</subfield>
    <subfield code="2">DOI</subfield>
  </datafield>
  <datafield tag="035" ind1=" " ind2=" ">
    <subfield code="a">19394943</subfield>
    <subfield code="9">PMC</subfield>
  </datafield>
  <datafield tag="245" ind1=" " ind2=" ">
    <subfield code="a">Stability of pulsatile blood flow at the ostium of cerebral aneurysms.</subfield>
  </datafield>
  <datafield tag="260" ind1=" " ind2=" ">
    <subfield code="c">2009-05-18</subfield>
  </datafield>
  <datafield tag="520" ind1=" " ind2=" ">
    <subfield code="a">The strength and direction of blood flow into and within a cerebral aneurysm are important issues in developing effective interventional strategies to stabilize the aneurysm. We tested the hypothesis that there are significant major hemodynamic features that are common to many aneurysm flows of the type studied here. This was investigated by performing computational fluid dynamic simulations of flow near 7 cerebral aneurysms using geometrical data obtained from clinical CT scans. Our numerical simulations of flow across the ostium plane of an aneurysm show that in many cases there is relatively stable flow structure that is maintained over the phase of the pulsatile flow cycle. The two main features of this flow are (1) quasi-permanent regions of flow influx and efflux across the ostium plane exist, separated by a "virtual boundary", and (2) a helical vortex flow pattern within the aneurismal sac with swirl in two orthogonal cross-sectional planes. These numerical observations are consistent with in vitro experimental data from ultrasound color-Doppler velocimetry and other numerical and experimental studies. The observed flow patterns are found to occur in different types of aneurysms (bifurcation and sidewall), and can persist even after flow parameters are perturbed beyond the normal range of physiological flow conditions. These results suggest that in many cases, major aspects of the behavior of aneurismal hemodynamics for important classes of aneurysms can be learned from an analysis of steady, non-pulsatile flow, which is simpler and faster to simulate than time-dependent, pulsatile flow. An understanding of this fluid dynamical behavior may also prove useful in the design of stents, coils, and various other endovascular flow diverting devices.</subfield>
  </datafield>
  <datafield tag="100" ind1=" " ind2=" ">
    <subfield code="a">Aishwarya R Mantha</subfield>
  </datafield>
  <datafield tag="700" ind1=" " ind2=" ">
    <subfield code="a">Goetz Benndorf</subfield>
  </datafield>
  <datafield tag="700" ind1=" " ind2=" ">
    <subfield code="a">Andres Hernandez</subfield>
  </datafield>
  <datafield tag="700" ind1=" " ind2=" ">
    <subfield code="a">Ralph W Metcalfe</subfield>
  </datafield>
  <datafield tag="653" ind1="1" ind2=" ">
    <subfield code="a">Biomechanics</subfield>
  </datafield>
  <datafield tag="653" ind1="1" ind2=" ">
    <subfield code="a">Blood Flow Velocity</subfield>
  </datafield>
  <datafield tag="653" ind1="1" ind2=" ">
    <subfield code="a">Cerebrovascular Circulation</subfield>
  </datafield>
  <datafield tag="653" ind1="1" ind2=" ">
    <subfield code="a">Computer Simulation</subfield>
  </datafield>
  <datafield tag="653" ind1="1" ind2=" ">
    <subfield code="a">Hemodynamics</subfield>
  </datafield>
  <datafield tag="653" ind1="1" ind2=" ">
    <subfield code="a">Humans</subfield>
  </datafield>
  <datafield tag="653" ind1="1" ind2=" ">
    <subfield code="a">Intracranial Aneurysm</subfield>
  </datafield>
  <datafield tag="653" ind1="1" ind2=" ">
    <subfield code="a">Models, Cardiovascular</subfield>
  </datafield>
  <datafield tag="653" ind1="1" ind2=" ">
    <subfield code="a">Pulsatile Flow</subfield>
  </datafield>
  <datafield tag="653" ind1="1" ind2=" ">
    <subfield code="a">Regional Blood Flow</subfield>
  </datafield>
  <datafield tag="653" ind1="1" ind2=" ">
    <subfield code="a">Shear Strength</subfield>
  </datafield>
  <datafield tag="902" ind1=" " ind2=" ">
    <subfield code="a">Department of Mechanical Engineering, University of Houston, TX, USA.</subfield>
  </datafield>
  <datafield tag="909" ind1="C" ind2="4">
    <subfield code="p">Journal of biomechanics</subfield>
    <subfield code="v">42</subfield>
    <subfield code="c"></subfield>
    <subfield code="n">8</subfield>
    <subfield code="y">2009-05-29</subfield>
  </datafield>
  <datafield tag="041" ind1=" " ind2=" ">
    <subfield code="a">eng</subfield>
  </datafield>
  <datafield tag="980" ind1=" " ind2=" ">
    <subfield code="a">ARTICLE</subfield>
  </datafield>
  <datafield tag="980" ind1=" " ind2=" ">
    <subfield code="a">PUBMED</subfield>
  </datafield>
  <datafield tag="650" ind1=" " ind2="7">
    <subfield code="a">Journal Article</subfield>
  </datafield>
</record>