
<record>
  
  
  <datafield tag="022" ind1=" " ind2=" ">
    <subfield code="a">1873-2380</subfield>
  </datafield>
  <datafield tag="024" ind1="7" ind2=" ">
    <subfield code="a">10.1016/j.jbiomech.2009.03.033</subfield>
    <subfield code="2">DOI</subfield>
  </datafield>
  <datafield tag="035" ind1=" " ind2=" ">
    <subfield code="a">19394944</subfield>
    <subfield code="9">PMC</subfield>
  </datafield>
  <datafield tag="245" ind1=" " ind2=" ">
    <subfield code="a">MRI-based assessment of hip joint translations.</subfield>
  </datafield>
  <datafield tag="260" ind1=" " ind2=" ">
    <subfield code="c">2009-06-15</subfield>
  </datafield>
  <datafield tag="520" ind1=" " ind2=" ">
    <subfield code="a">To better understand movement limitations and, to some extent, the pathogenesis of osteoarthritis, it is important to quantitatively measure femoroacetabular translations to assess if any joint subluxation occurs. In this paper, we aim at measuring hip joint displacements from magnetic resonance images (MRI) based on a surface registration technique. Because this measurement is related to the location of the hip joint center (HJC), we investigate and compare different HJC estimation approaches based on patient-specific 3D bone models. We estimate the HJC based on a simulated circumduction while minimizing inter-articular distance changes. Measurements of femoroacetabular translations during low amplitude abductions (80 samples) and extreme flexions (60 samples) in female professional dancers, which is a population potentially exposed to femoroacetabular impingements, do not show any significant subluxation.</subfield>
  </datafield>
  <datafield tag="100" ind1=" " ind2=" ">
    <subfield code="a">Benjamin Gilles</subfield>
  </datafield>
  <datafield tag="700" ind1=" " ind2=" ">
    <subfield code="a">Frank Kolo Christophe</subfield>
  </datafield>
  <datafield tag="700" ind1=" " ind2=" ">
    <subfield code="a">Nadia Magnenat-Thalmann</subfield>
  </datafield>
  <datafield tag="700" ind1=" " ind2=" ">
    <subfield code="a">Christoph D Becker</subfield>
  </datafield>
  <datafield tag="700" ind1=" " ind2=" ">
    <subfield code="a">Sylvain R Duc</subfield>
  </datafield>
  <datafield tag="700" ind1=" " ind2=" ">
    <subfield code="a">Jacques Menetrey</subfield>
  </datafield>
  <datafield tag="700" ind1=" " ind2=" ">
    <subfield code="a">Pierre Hoffmeyer</subfield>
  </datafield>
  <datafield tag="653" ind1="1" ind2=" ">
    <subfield code="a">Biomechanics</subfield>
  </datafield>
  <datafield tag="653" ind1="1" ind2=" ">
    <subfield code="a">Hip Joint</subfield>
  </datafield>
  <datafield tag="653" ind1="1" ind2=" ">
    <subfield code="a">Humans</subfield>
  </datafield>
  <datafield tag="653" ind1="1" ind2=" ">
    <subfield code="a">Imaging, Three-Dimensional</subfield>
  </datafield>
  <datafield tag="653" ind1="1" ind2=" ">
    <subfield code="a">Magnetic Resonance Imaging</subfield>
  </datafield>
  <datafield tag="653" ind1="1" ind2=" ">
    <subfield code="a">Models, Biological</subfield>
  </datafield>
  <datafield tag="653" ind1="1" ind2=" ">
    <subfield code="a">Osteoarthritis, Hip</subfield>
  </datafield>
  <datafield tag="653" ind1="1" ind2=" ">
    <subfield code="a">Range of Motion, Articular</subfield>
  </datafield>
  <datafield tag="902" ind1=" " ind2=" ">
    <subfield code="a">MIRALab-University of Geneva, Battelle, 7 Route de Drize, Carouge, Switzerland. benjamin.gilles@miralab.unige.ch</subfield>
  </datafield>
  <datafield tag="909" ind1="C" ind2="4">
    <subfield code="p">Journal of biomechanics</subfield>
    <subfield code="v">42</subfield>
    <subfield code="c"></subfield>
    <subfield code="n">9</subfield>
    <subfield code="y">2009-06-19</subfield>
  </datafield>
  <datafield tag="041" ind1=" " ind2=" ">
    <subfield code="a">eng</subfield>
  </datafield>
  <datafield tag="980" ind1=" " ind2=" ">
    <subfield code="a">ARTICLE</subfield>
  </datafield>
  <datafield tag="980" ind1=" " ind2=" ">
    <subfield code="a">PUBMED</subfield>
  </datafield>
  <datafield tag="650" ind1=" " ind2="7">
    <subfield code="a">Journal Article</subfield>
  </datafield>
</record>