
<record>
  
  
  <datafield tag="022" ind1=" " ind2=" ">
    <subfield code="a">1873-3778</subfield>
  </datafield>
  <datafield tag="024" ind1="7" ind2=" ">
    <subfield code="a">10.1016/j.chroma.2009.04.013</subfield>
    <subfield code="2">DOI</subfield>
  </datafield>
  <datafield tag="035" ind1=" " ind2=" ">
    <subfield code="a">19394945</subfield>
    <subfield code="9">PMC</subfield>
  </datafield>
  <datafield tag="245" ind1=" " ind2=" ">
    <subfield code="a">Unusually high enantioselectivity in high-performance liquid chromatography using cellulose tris(4-methylbenzoate) as a chiral stationary phase.</subfield>
  </datafield>
  <datafield tag="260" ind1=" " ind2=" ">
    <subfield code="c">2009-05-11</subfield>
  </datafield>
  <datafield tag="520" ind1=" " ind2=" ">
    <subfield code="a">The cellulose tris(4-methylbenzoate) chiral stationary phase (CSP) (commercially known as Chiralcel OJ-H) exhibited an extremely high enantioselectivity when used in the HPLC resolution of N-thiocarbamoyl-3-(4'-prenyloxy)-phenyl-5-phenyl-4,5-dihydro-(1H) pyrazole (Compound 1), in both normal-phase and polar organic conditions. Using n-hexane-ethanol (80:20, v/v) as a mobile phase, an enantioseparation factor value of 138.5 was found. In order to modulate the elution time of the longer retained enantiomer, a simple HPLC procedure was developed. The optimized analytical protocol was based on the stopped flow technique and did not involve any change in mobile phase composition. The stronger interaction energy of the (S) enantiomer compared to that of the (R) enantiomer was mainly attributed to the formation of a hydrogen bonding between the amino group of the thiocarbamoyl moiety and the carbonyl oxygen of the CSP.</subfield>
  </datafield>
  <datafield tag="100" ind1=" " ind2=" ">
    <subfield code="a">Roberto Cirilli</subfield>
  </datafield>
  <datafield tag="700" ind1=" " ind2=" ">
    <subfield code="a">Stefano Alcaro</subfield>
  </datafield>
  <datafield tag="700" ind1=" " ind2=" ">
    <subfield code="a">Rossella Fioravanti</subfield>
  </datafield>
  <datafield tag="700" ind1=" " ind2=" ">
    <subfield code="a">Daniela Secci</subfield>
  </datafield>
  <datafield tag="700" ind1=" " ind2=" ">
    <subfield code="a">Stefano Fiore</subfield>
  </datafield>
  <datafield tag="700" ind1=" " ind2=" ">
    <subfield code="a">Francesco La Torre</subfield>
  </datafield>
  <datafield tag="700" ind1=" " ind2=" ">
    <subfield code="a">Francesco Ortuso</subfield>
  </datafield>
  <datafield tag="653" ind1="1" ind2=" ">
    <subfield code="a">Cellulose</subfield>
  </datafield>
  <datafield tag="653" ind1="1" ind2=" ">
    <subfield code="a">Chromatography, High Pressure Liquid</subfield>
  </datafield>
  <datafield tag="653" ind1="1" ind2=" ">
    <subfield code="a">Stereoisomerism</subfield>
  </datafield>
  <datafield tag="902" ind1=" " ind2=" ">
    <subfield code="a">Istituto Superiore di Sanità, Dipartimento del Farmaco, Rome, Italy. rcirilli@iss.it</subfield>
  </datafield>
  <datafield tag="909" ind1="C" ind2="4">
    <subfield code="p">Journal of chromatography. A</subfield>
    <subfield code="v">1216</subfield>
    <subfield code="c"></subfield>
    <subfield code="n">22</subfield>
    <subfield code="y">2009-05-29</subfield>
  </datafield>
  <datafield tag="041" ind1=" " ind2=" ">
    <subfield code="a">eng</subfield>
  </datafield>
  <datafield tag="980" ind1=" " ind2=" ">
    <subfield code="a">ARTICLE</subfield>
  </datafield>
  <datafield tag="980" ind1=" " ind2=" ">
    <subfield code="a">PUBMED</subfield>
  </datafield>
  <datafield tag="650" ind1=" " ind2="7">
    <subfield code="a">Evaluation Studies</subfield>
  </datafield>
</record>