
<record>
  
  
  <datafield tag="022" ind1=" " ind2=" ">
    <subfield code="a">1873-3778</subfield>
  </datafield>
  <datafield tag="024" ind1="7" ind2=" ">
    <subfield code="a">10.1016/j.chroma.2009.03.069</subfield>
    <subfield code="2">DOI</subfield>
  </datafield>
  <datafield tag="035" ind1=" " ind2=" ">
    <subfield code="a">19394947</subfield>
    <subfield code="9">PMC</subfield>
  </datafield>
  <datafield tag="245" ind1=" " ind2=" ">
    <subfield code="a">Characterization of O-trimethylsilyl oximes of trisaccharides by gas chromatography-mass spectrometry.</subfield>
  </datafield>
  <datafield tag="260" ind1=" " ind2=" ">
    <subfield code="c">2009-05-11</subfield>
  </datafield>
  <datafield tag="520" ind1=" " ind2=" ">
    <subfield code="a">Gas chromatography (GC) data (linear retention indices and relative areas) and mass spectra (most representative m/z fragments) of 12 reducing trisaccharides as trimethylsilyl oximes (TMSO) and four non-reducing as trimethylsilyl (TMS) ethers have been described for the first time and related to their structural features. Some trends have been observed: earlier elution of non-reducing compounds and fructotrioses; aldotrioses bearing the reducing end with link in position 6 showing the highest retention. Abundance of several fragment ions and their ratios were useful for trisaccharide characterization; some of these features seem to be useful for the characterization of new trisaccharides.</subfield>
  </datafield>
  <datafield tag="100" ind1=" " ind2=" ">
    <subfield code="a">Michal Brokl</subfield>
  </datafield>
  <datafield tag="700" ind1=" " ind2=" ">
    <subfield code="a">Ana Cristina Soria</subfield>
  </datafield>
  <datafield tag="700" ind1=" " ind2=" ">
    <subfield code="a">Isabel Martínez-Castro</subfield>
  </datafield>
  <datafield tag="700" ind1=" " ind2=" ">
    <subfield code="a">Maria Luz Sanz</subfield>
  </datafield>
  <datafield tag="700" ind1=" " ind2=" ">
    <subfield code="a">Ana Isabel Ruiz-Matute</subfield>
  </datafield>
  <datafield tag="653" ind1="1" ind2=" ">
    <subfield code="a">Gas Chromatography-Mass Spectrometry</subfield>
  </datafield>
  <datafield tag="653" ind1="1" ind2=" ">
    <subfield code="a">Oximes</subfield>
  </datafield>
  <datafield tag="653" ind1="1" ind2=" ">
    <subfield code="a">Trisaccharides</subfield>
  </datafield>
  <datafield tag="902" ind1=" " ind2=" ">
    <subfield code="a">Instituto de Química Orgánica General, Juan de la Cierva, Madrid, Spain.</subfield>
  </datafield>
  <datafield tag="909" ind1="C" ind2="4">
    <subfield code="p">Journal of chromatography. A</subfield>
    <subfield code="v">1216</subfield>
    <subfield code="c"></subfield>
    <subfield code="n">22</subfield>
    <subfield code="y">2009-05-29</subfield>
  </datafield>
  <datafield tag="041" ind1=" " ind2=" ">
    <subfield code="a">eng</subfield>
  </datafield>
  <datafield tag="980" ind1=" " ind2=" ">
    <subfield code="a">ARTICLE</subfield>
  </datafield>
  <datafield tag="980" ind1=" " ind2=" ">
    <subfield code="a">PUBMED</subfield>
  </datafield>
  <datafield tag="650" ind1=" " ind2="7">
    <subfield code="a">Evaluation Studies</subfield>
  </datafield>
</record>