
<record>
  
  
  <datafield tag="022" ind1=" " ind2=" ">
    <subfield code="a">1095-7103</subfield>
  </datafield>
  <datafield tag="024" ind1="7" ind2=" ">
    <subfield code="a">10.1016/j.jcis.2009.02.046</subfield>
    <subfield code="2">DOI</subfield>
  </datafield>
  <datafield tag="035" ind1=" " ind2=" ">
    <subfield code="a">19394949</subfield>
    <subfield code="9">PMC</subfield>
  </datafield>
  <datafield tag="245" ind1=" " ind2=" ">
    <subfield code="a">Hollow Ni-B amorphous alloy with enhanced catalytic efficiency prepared in emulsion system.</subfield>
  </datafield>
  <datafield tag="260" ind1=" " ind2=" ">
    <subfield code="c">2009-05-20</subfield>
  </datafield>
  <datafield tag="520" ind1=" " ind2=" ">
    <subfield code="a">Ni-B nanospheres were synthesized through chemical reduction of nickel ions with borohydride in an emulsion system comprised of cyclohexylamine, polyethylene glycol, and water. With the characterization of X-ray diffraction, selective area electronic diffraction, X-ray photoelectron spectroscopy, and transmission electron microscopy, the resulting hollow Ni-B nanospheres were identified to be amorphous alloys with a hollow chamber. Cyclohexylamine played a significant role in fabricating hollow Ni-B nanospheres, because only solid nanoparticles were obtained in the absence of cyclohexylamine. Polyethylene glycol also had a significant influence on the formation of hollow Ni-B nanospheres, because low yield of hollow nanospheres were achieved without this polymer. During liquid-phase chloronitrobenzene hydrogenation, the as-synthesized Ni-B catalyst exhibited a much higher activity and even better selectivity than the dense Ni-B nanoparticles prepared by direct reduction of nickel ions with borohydride.</subfield>
  </datafield>
  <datafield tag="100" ind1=" " ind2=" ">
    <subfield code="a">Hui Li</subfield>
  </datafield>
  <datafield tag="700" ind1=" " ind2=" ">
    <subfield code="a">Ye Xu</subfield>
  </datafield>
  <datafield tag="700" ind1=" " ind2=" ">
    <subfield code="a">Jun Liu</subfield>
  </datafield>
  <datafield tag="700" ind1=" " ind2=" ">
    <subfield code="a">Qingfei Zhao</subfield>
  </datafield>
  <datafield tag="700" ind1=" " ind2=" ">
    <subfield code="a">Hexing Li</subfield>
  </datafield>
  <datafield tag="902" ind1=" " ind2=" ">
    <subfield code="a">Department of Chemistry, Shanghai Normal University, Shanghai 200234, PR China. lihui@shnu.edu.cn</subfield>
  </datafield>
  <datafield tag="909" ind1="C" ind2="4">
    <subfield code="p">Journal of colloid and interface science</subfield>
    <subfield code="v">334</subfield>
    <subfield code="c"></subfield>
    <subfield code="n">2</subfield>
    <subfield code="y">2009-06-15</subfield>
  </datafield>
  <datafield tag="041" ind1=" " ind2=" ">
    <subfield code="a">eng</subfield>
  </datafield>
  <datafield tag="980" ind1=" " ind2=" ">
    <subfield code="a">ARTICLE</subfield>
  </datafield>
  <datafield tag="980" ind1=" " ind2=" ">
    <subfield code="a">PUBMED</subfield>
  </datafield>
  <datafield tag="650" ind1=" " ind2="7">
    <subfield code="a">Journal Article</subfield>
  </datafield>
</record>