
<record>
  
  
  <datafield tag="022" ind1=" " ind2=" ">
    <subfield code="a">1095-7103</subfield>
  </datafield>
  <datafield tag="024" ind1="7" ind2=" ">
    <subfield code="a">10.1016/j.jcis.2009.03.015</subfield>
    <subfield code="2">DOI</subfield>
  </datafield>
  <datafield tag="035" ind1=" " ind2=" ">
    <subfield code="a">19394950</subfield>
    <subfield code="9">PMC</subfield>
  </datafield>
  <datafield tag="245" ind1=" " ind2=" ">
    <subfield code="a">TiO2 P-25 anatase rapid precipitation from water by use of struvite formation.</subfield>
  </datafield>
  <datafield tag="260" ind1=" " ind2=" ">
    <subfield code="c">2009-06-01</subfield>
  </datafield>
  <datafield tag="520" ind1=" " ind2=" ">
    <subfield code="a">UV(360nm) irradiation of TiO(2) P-25 nanoparticle in water suspension is used for photocatalytic mineralization of pollutants or inactivation of microorganisms. Removal of TiO(2) particles from large volumes of water following photocatalytic process is problematic due to their nano-size. So far no chemical methods are available for TiO(2) rapid precipitation while filtration or centrifugation is not feasible because of high cost and limited performance. In the present study TiO(2) was rapidly precipitated from water suspension by formation of the mineral struvite. Addition of Mg, P, and NH(4)(+) at stochiometric rates of 1:1:1 at pH>8.3 resulted in TiO(2) entrapment into struvite formed flocs and rapid precipitation. Struvite sludge formed and precipitated was observed under HSEM revealing TiO(2) entrapment into struvite mineral.</subfield>
  </datafield>
  <datafield tag="100" ind1=" " ind2=" ">
    <subfield code="a">I Blumberg</subfield>
  </datafield>
  <datafield tag="700" ind1=" " ind2=" ">
    <subfield code="a">J Starosvetsky</subfield>
  </datafield>
  <datafield tag="700" ind1=" " ind2=" ">
    <subfield code="a">D Bilanovic</subfield>
  </datafield>
  <datafield tag="700" ind1=" " ind2=" ">
    <subfield code="a">R Armon</subfield>
  </datafield>
  <datafield tag="902" ind1=" " ind2=" ">
    <subfield code="a">Faculty of Civil &amp; Environmental Engineering, Division of Environmental, Water &amp; Agricultural Engineering, Technion-Israel Institute of Technology, Haifa 32000, Israel.</subfield>
  </datafield>
  <datafield tag="909" ind1="C" ind2="4">
    <subfield code="p">Journal of colloid and interface science</subfield>
    <subfield code="v">336</subfield>
    <subfield code="c"></subfield>
    <subfield code="n">1</subfield>
    <subfield code="y">2009-08-01</subfield>
  </datafield>
  <datafield tag="041" ind1=" " ind2=" ">
    <subfield code="a">eng</subfield>
  </datafield>
  <datafield tag="980" ind1=" " ind2=" ">
    <subfield code="a">ARTICLE</subfield>
  </datafield>
  <datafield tag="980" ind1=" " ind2=" ">
    <subfield code="a">PUBMED</subfield>
  </datafield>
  <datafield tag="650" ind1=" " ind2="7">
    <subfield code="a">Journal Article</subfield>
  </datafield>
</record>