
<record>
  
  
  <datafield tag="022" ind1=" " ind2=" ">
    <subfield code="a">1095-7103</subfield>
  </datafield>
  <datafield tag="024" ind1="7" ind2=" ">
    <subfield code="a">10.1016/j.jcis.2009.03.018</subfield>
    <subfield code="2">DOI</subfield>
  </datafield>
  <datafield tag="035" ind1=" " ind2=" ">
    <subfield code="a">19394952</subfield>
    <subfield code="9">PMC</subfield>
  </datafield>
  <datafield tag="245" ind1=" " ind2=" ">
    <subfield code="a">Lasting antibacterial activities of Ag-TiO2/Ag/a-TiO2 nanocomposite thin film photocatalysts under solar light irradiation.</subfield>
  </datafield>
  <datafield tag="260" ind1=" " ind2=" ">
    <subfield code="c">2009-06-01</subfield>
  </datafield>
  <datafield tag="520" ind1=" " ind2=" ">
    <subfield code="a">Photodegradation of Escherichia coli bacteria in presence of Ag-TiO(2)/Ag/a-TiO(2) nanocomposite film with an effective storage of silver nanoparticles was investigated in the visible and the solar light irradiations. The nanocomposite film was synthesized by sol-gel deposition of 30 nm Ag-TiO(2) layer on approximately 200 nm anatase(a-)TiO(2) film previously doped by silver nanoparticles. Both Ag/a-TiO(2) and Ag-TiO(2)/Ag/a-TiO(2) films were transparent with a SPR absorption band at 412 nm. Depth profile X-ray photoelectron spectroscopy showed metallic silver nanoparticles with diameter of 30 nm and fcc crystalline structure were self-accumulated on the film surface at depth of 5 nm of the TiO(2) layer and also at the interface of the Ag-TiO(2) and a-TiO(2) films (at depth of 30 nm). Both OH(-) bounds and H(2)O contents were concentrated on the film surface and at the interface, as a profit in releasing more ionic (not metallic) silver nanoparticles. Antibacterial activity of the nanocomposite film against E. coli bacteria was 5.1 times stronger than activity of the a-TiO(2), in dark. Photo-antibacterial activity of the nanocomposite film exposed by the solar light was measured 1.35 and 6.90 times better than activity of the Ag/a-TiO(2) and a-TiO(2), respectively. The main mechanism for silver ion releasing was inter-diffusion of water and silver nanoparticles through pores of the TiO(2) layer. Durability of the nanocomposite film was at least 11 times higher than the Ag/a-TiO(2) film. Therefore, the Ag-TiO(2)/Ag/a-TiO(2) photocatalyst can be nominated as one of the effective and long-lasting antibacterial nanocomposite materials.</subfield>
  </datafield>
  <datafield tag="100" ind1=" " ind2=" ">
    <subfield code="a">O Akhavan</subfield>
  </datafield>
  <datafield tag="653" ind1="1" ind2=" ">
    <subfield code="a">Anti-Bacterial Agents</subfield>
  </datafield>
  <datafield tag="653" ind1="1" ind2=" ">
    <subfield code="a">Escherichia coli</subfield>
  </datafield>
  <datafield tag="653" ind1="1" ind2=" ">
    <subfield code="a">Light</subfield>
  </datafield>
  <datafield tag="653" ind1="1" ind2=" ">
    <subfield code="a">Microbial Viability</subfield>
  </datafield>
  <datafield tag="653" ind1="1" ind2=" ">
    <subfield code="a">Nanostructures</subfield>
  </datafield>
  <datafield tag="653" ind1="1" ind2=" ">
    <subfield code="a">Photochemical Processes</subfield>
  </datafield>
  <datafield tag="653" ind1="1" ind2=" ">
    <subfield code="a">Radiation</subfield>
  </datafield>
  <datafield tag="653" ind1="1" ind2=" ">
    <subfield code="a">Silver</subfield>
  </datafield>
  <datafield tag="653" ind1="1" ind2=" ">
    <subfield code="a">Solar System</subfield>
  </datafield>
  <datafield tag="653" ind1="1" ind2=" ">
    <subfield code="a">Titanium</subfield>
  </datafield>
  <datafield tag="653" ind1="1" ind2=" ">
    <subfield code="a">X-Ray Diffraction</subfield>
  </datafield>
  <datafield tag="902" ind1=" " ind2=" ">
    <subfield code="a">Department of Physics, Sharif University of Technology, P.O. Box 11155-9161, Tehran, Iran. oakhavan@sharif.edu</subfield>
  </datafield>
  <datafield tag="909" ind1="C" ind2="4">
    <subfield code="p">Journal of colloid and interface science</subfield>
    <subfield code="v">336</subfield>
    <subfield code="c"></subfield>
    <subfield code="n">1</subfield>
    <subfield code="y">2009-08-01</subfield>
  </datafield>
  <datafield tag="041" ind1=" " ind2=" ">
    <subfield code="a">eng</subfield>
  </datafield>
  <datafield tag="980" ind1=" " ind2=" ">
    <subfield code="a">ARTICLE</subfield>
  </datafield>
  <datafield tag="980" ind1=" " ind2=" ">
    <subfield code="a">PUBMED</subfield>
  </datafield>
  <datafield tag="650" ind1=" " ind2="7">
    <subfield code="a">Journal Article</subfield>
  </datafield>
</record>