
<record>
  
  
  <datafield tag="022" ind1=" " ind2=" ">
    <subfield code="a">1095-7103</subfield>
  </datafield>
  <datafield tag="024" ind1="7" ind2=" ">
    <subfield code="a">10.1016/j.jcis.2009.03.030</subfield>
    <subfield code="2">DOI</subfield>
  </datafield>
  <datafield tag="035" ind1=" " ind2=" ">
    <subfield code="a">19394954</subfield>
    <subfield code="9">PMC</subfield>
  </datafield>
  <datafield tag="245" ind1=" " ind2=" ">
    <subfield code="a">Solution of the agglomerate Brownian coagulation using Taylor-expansion moment method.</subfield>
  </datafield>
  <datafield tag="260" ind1=" " ind2=" ">
    <subfield code="c">2009-06-01</subfield>
  </datafield>
  <datafield tag="520" ind1=" " ind2=" ">
    <subfield code="a">The newly proposed Taylor-expansion moment method (TEMOM) is extended to solve agglomerate coagulation in the free-molecule regime and in the continuum regime, respectively. The moment equations with respect to fractal dimension are derived based on 3rd Taylor-series expansion technique. The validation of this method is done by comparing its result with the published data at each limited size regime. By comparing with analytical method, sectional method (SM) and quadrature method of moments (QMOMs), this new approach is shown to produce the most efficiency without losing much accuracy. At each limited size regime, the effect of fractal dimension on the decay of particle number and particle size growth is mainly investigated, and especially in the continuum regime the relation of mean diameters of size distributions with different fractal dimensions is first proposed. The agglomerate size distribution is found to be sensitive to the fractal dimension and the initial geometric mean deviation before the self-preserving size distribution is achieved in the continuum regime.</subfield>
  </datafield>
  <datafield tag="100" ind1=" " ind2=" ">
    <subfield code="a">Mingzhou Yu</subfield>
  </datafield>
  <datafield tag="700" ind1=" " ind2=" ">
    <subfield code="a">Jianzhong Lin</subfield>
  </datafield>
  <datafield tag="902" ind1=" " ind2=" ">
    <subfield code="a">The State Key Laboratory of Fluid Power Transmission and Control, Zhejiang University, Hangzhou 310027, China.</subfield>
  </datafield>
  <datafield tag="909" ind1="C" ind2="4">
    <subfield code="p">Journal of colloid and interface science</subfield>
    <subfield code="v">336</subfield>
    <subfield code="c"></subfield>
    <subfield code="n">1</subfield>
    <subfield code="y">2009-08-01</subfield>
  </datafield>
  <datafield tag="041" ind1=" " ind2=" ">
    <subfield code="a">eng</subfield>
  </datafield>
  <datafield tag="980" ind1=" " ind2=" ">
    <subfield code="a">ARTICLE</subfield>
  </datafield>
  <datafield tag="980" ind1=" " ind2=" ">
    <subfield code="a">PUBMED</subfield>
  </datafield>
  <datafield tag="650" ind1=" " ind2="7">
    <subfield code="a">Journal Article</subfield>
  </datafield>
</record>