
<record>
  
  
  <datafield tag="022" ind1=" " ind2=" ">
    <subfield code="a">1095-7103</subfield>
  </datafield>
  <datafield tag="024" ind1="7" ind2=" ">
    <subfield code="a">10.1016/j.jcis.2009.03.025</subfield>
    <subfield code="2">DOI</subfield>
  </datafield>
  <datafield tag="035" ind1=" " ind2=" ">
    <subfield code="a">19394955</subfield>
    <subfield code="9">PMC</subfield>
  </datafield>
  <datafield tag="245" ind1=" " ind2=" ">
    <subfield code="a">Fabrication of superhydrophobic and heat-insulating antimony doped tin oxide/polyurethane films by cast replica micromolding.</subfield>
  </datafield>
  <datafield tag="260" ind1=" " ind2=" ">
    <subfield code="c">2009-06-01</subfield>
  </datafield>
  <datafield tag="520" ind1=" " ind2=" ">
    <subfield code="a">A novel process for fabricating superhydrophobic and heat-insulating polymeric nanocomposite films was developed. Briefly, antimony doped tin oxide (ATO) nanoparticles that commonly endow coats heat-insulating and transparent functions were mixed into commercial waterborne polyurethane (WPU) suspensions to obtain ATO/WPU suspensions, which were then cast onto poly(dimethylsiloxane) (PDMS) stamps replicated from fresh lotus leaves. After being dried and peeled off from stamps, ATO/PU films with superhydrophobic surface and heat-insulating property were created, while PU films without ATO only showed high hydrophobicity. Scanning electron microscopy (SEM) imaging showed the surface of ATO/PU superhydrophobic films had unique micro- and nano-structures similar with those on the lotus leaf. On the contrary, no obvious nano-structures were found on the surface of pure PU films, demonstrating mixing functional nanoparticles into polymers is a necessary and feasible step in creating superhydrophobic and functional films by replica molding method.</subfield>
  </datafield>
  <datafield tag="100" ind1=" " ind2=" ">
    <subfield code="a">Jie Feng</subfield>
  </datafield>
  <datafield tag="700" ind1=" " ind2=" ">
    <subfield code="a">Baoyuan Huang</subfield>
  </datafield>
  <datafield tag="700" ind1=" " ind2=" ">
    <subfield code="a">Mingqiang Zhong</subfield>
  </datafield>
  <datafield tag="902" ind1=" " ind2=" ">
    <subfield code="a">Department of Materials Science &amp; Engineering, Zhejiang University of Technology, 18# Chaowang Road, Cunzhong Building 203, Hangzhou 310014, PR China. fengjie@zjut.edu.cn</subfield>
  </datafield>
  <datafield tag="909" ind1="C" ind2="4">
    <subfield code="p">Journal of colloid and interface science</subfield>
    <subfield code="v">336</subfield>
    <subfield code="c"></subfield>
    <subfield code="n">1</subfield>
    <subfield code="y">2009-08-01</subfield>
  </datafield>
  <datafield tag="041" ind1=" " ind2=" ">
    <subfield code="a">eng</subfield>
  </datafield>
  <datafield tag="980" ind1=" " ind2=" ">
    <subfield code="a">ARTICLE</subfield>
  </datafield>
  <datafield tag="980" ind1=" " ind2=" ">
    <subfield code="a">PUBMED</subfield>
  </datafield>
  <datafield tag="650" ind1=" " ind2="7">
    <subfield code="a">Journal Article</subfield>
  </datafield>
</record>