
<record>
  
  
  <datafield tag="022" ind1=" " ind2=" ">
    <subfield code="a">1095-7103</subfield>
  </datafield>
  <datafield tag="024" ind1="7" ind2=" ">
    <subfield code="a">10.1016/j.jcis.2009.02.063</subfield>
    <subfield code="2">DOI</subfield>
  </datafield>
  <datafield tag="035" ind1=" " ind2=" ">
    <subfield code="a">19394956</subfield>
    <subfield code="9">PMC</subfield>
  </datafield>
  <datafield tag="245" ind1=" " ind2=" ">
    <subfield code="a">Intelligent core-shell nanoparticles and hollow spheres based on gelatin and PAA via template polymerization.</subfield>
  </datafield>
  <datafield tag="260" ind1=" " ind2=" ">
    <subfield code="c">2009-05-20</subfield>
  </datafield>
  <datafield tag="520" ind1=" " ind2=" ">
    <subfield code="a">PAA/gelatin nanoparticles, with interpolymer complexes of gelatin and polyacrylic acid (PAA) as the cores and gelatin as the shells, were prepared via facile polymerization of AA on gelatin template. The morphology change of the nanoparticles during the reaction was traced by a combined use of dynamic light scattering (DLS) and atomic force microscopy (AFM) techniques, which revealed a discrepancy among the structure of the nanoparticles formed at different stages of the reaction: as the reaction proceeds, nanoparticles with larger compact cores and thinner shells are produced. The resultant nanoparticles are multi-responsive. Especially, they exhibit a significant temperature-dependent size change: upon raising the temperature from 25 degrees C, the nanoparticle size decreases monotonically until reaching equilibrium at about 40 degrees C. This temperature-dependence of the nanoparticle size was found to be reversible provided the nanoparticle solution was cooled at a low temperature (4 degrees C). The thermo-sensitivity of the nanoparticles is attributed to the thermo-induced sol-gel transition of the gelatin shells. In addition, the nanoparticles were further converted to hollow spheres via successive locking the shell structure by the reaction of gelatin with cross-linker glutaraldehyde, and cavitation of the cross-linked nanoparticles by switching the medium from acidic to neutral. The cavitation process was monitored by DLS, which indicated a mass decrease and size shrinkage. AFM and transmission electron microscopy (TEM) were used to trace the morphology change of the nanoparticles during the cavitation. The hollow structure was confirmed by TEM observation.</subfield>
  </datafield>
  <datafield tag="100" ind1=" " ind2=" ">
    <subfield code="a">Yansong Wang</subfield>
  </datafield>
  <datafield tag="700" ind1=" " ind2=" ">
    <subfield code="a">Youwei Zhang</subfield>
  </datafield>
  <datafield tag="700" ind1=" " ind2=" ">
    <subfield code="a">Weiping Du</subfield>
  </datafield>
  <datafield tag="700" ind1=" " ind2=" ">
    <subfield code="a">Chengxun Wu</subfield>
  </datafield>
  <datafield tag="700" ind1=" " ind2=" ">
    <subfield code="a">Jiongxin Zhao</subfield>
  </datafield>
  <datafield tag="653" ind1="1" ind2=" ">
    <subfield code="a">Acrylic Resins</subfield>
  </datafield>
  <datafield tag="653" ind1="1" ind2=" ">
    <subfield code="a">Cross-Linking Reagents</subfield>
  </datafield>
  <datafield tag="653" ind1="1" ind2=" ">
    <subfield code="a">Gelatin</subfield>
  </datafield>
  <datafield tag="653" ind1="1" ind2=" ">
    <subfield code="a">Glutaral</subfield>
  </datafield>
  <datafield tag="653" ind1="1" ind2=" ">
    <subfield code="a">Hydrogen-Ion Concentration</subfield>
  </datafield>
  <datafield tag="653" ind1="1" ind2=" ">
    <subfield code="a">Microscopy, Atomic Force</subfield>
  </datafield>
  <datafield tag="653" ind1="1" ind2=" ">
    <subfield code="a">Microscopy, Electron, Transmission</subfield>
  </datafield>
  <datafield tag="653" ind1="1" ind2=" ">
    <subfield code="a">Nanoparticles</subfield>
  </datafield>
  <datafield tag="653" ind1="1" ind2=" ">
    <subfield code="a">Particle size</subfield>
  </datafield>
  <datafield tag="653" ind1="1" ind2=" ">
    <subfield code="a">Salts</subfield>
  </datafield>
  <datafield tag="653" ind1="1" ind2=" ">
    <subfield code="a">temperature</subfield>
  </datafield>
  <datafield tag="902" ind1=" " ind2=" ">
    <subfield code="a">State Key Laboratory for Modification of Chemical Fibers and Polymer Materials, College of Material Science and Engineering, Donghua University, Shanghai 201620, PR China.</subfield>
  </datafield>
  <datafield tag="909" ind1="C" ind2="4">
    <subfield code="p">Journal of colloid and interface science</subfield>
    <subfield code="v">334</subfield>
    <subfield code="c"></subfield>
    <subfield code="n">2</subfield>
    <subfield code="y">2009-06-15</subfield>
  </datafield>
  <datafield tag="041" ind1=" " ind2=" ">
    <subfield code="a">eng</subfield>
  </datafield>
  <datafield tag="980" ind1=" " ind2=" ">
    <subfield code="a">ARTICLE</subfield>
  </datafield>
  <datafield tag="980" ind1=" " ind2=" ">
    <subfield code="a">PUBMED</subfield>
  </datafield>
  <datafield tag="650" ind1=" " ind2="7">
    <subfield code="a">Journal Article</subfield>
  </datafield>
</record>