
<record>
  
  
  <datafield tag="022" ind1=" " ind2=" ">
    <subfield code="a">1878-5883</subfield>
  </datafield>
  <datafield tag="024" ind1="7" ind2=" ">
    <subfield code="a">10.1016/j.jns.2009.03.021</subfield>
    <subfield code="2">DOI</subfield>
  </datafield>
  <datafield tag="035" ind1=" " ind2=" ">
    <subfield code="a">19394970</subfield>
    <subfield code="9">PMC</subfield>
  </datafield>
  <datafield tag="245" ind1=" " ind2=" ">
    <subfield code="a">Multisequence-imaging protocols to detect cortical lesions of patients with multiple sclerosis: observations from a post-mortem 3 Tesla imaging study.</subfield>
  </datafield>
  <datafield tag="260" ind1=" " ind2=" ">
    <subfield code="c">2009-06-08</subfield>
  </datafield>
  <datafield tag="520" ind1=" " ind2=" ">
    <subfield code="a">Neocortical lesions (NLs) are an important component of multiple sclerosis (MS) pathology and may account for part of the physical and cognitive disability. Visualizing NLs of patients with MS using magnetic resonance imaging (MRI) poses several significant challenges. We optimized the inversion time (TI) of T(1)-based magnetization-prepared rapid acquisition gradient-echo (MPRAGE) images by suppressing the signal of the lesions and enhancing their appearance as hypointensities, on the basis of the derived quantitative T(1) measurements. The latter were achieved by the means of 2D inversion recovery fast spin echo (IR-FSE), repeated using different inversion times (TI). Comparisons of detection of NLs by MPRAGE and dual echo T(2) weighted (T(2)W) and proton density (PD) W. Four coronal brain slices from a deceased MS patient and two coronal brain slices from two formerly healthy donors were imaged using a 3 Tesla magnet (3 T) equipped with a multi-channel coil. Based upon the averaged T1 values computed from the MS specimen as well as visual inspection, an optimal TI of 380 ms was selected for the MPRAGE image. No NLs were seen in the specimens of the two healthy donors. Of the 40 total NLs observed, 8 (20%) were visible in all three sequences employed. Three (7.5%) NLs were visible only in the PDW image and 5 (12.5%) were seen only in the T(2)W image. Four NLs (10%) had clearly unique conspicuity in the MPRAGE image. Of those, 3 were retrospectively scored in the PDW image (1 NL) or in the T2W image (2 NLs). We conclude that for the detection of MS-related NLs, high-resolution T(1)-based MPRAGE and T(2)-W images offer complementary information and the combination of the two image sequences is crucial for increasing the sensitivity of detecting MS-induced NLs.</subfield>
  </datafield>
  <datafield tag="100" ind1=" " ind2=" ">
    <subfield code="a">Francesca Bagnato</subfield>
  </datafield>
  <datafield tag="700" ind1=" " ind2=" ">
    <subfield code="a">Bing Yao</subfield>
  </datafield>
  <datafield tag="700" ind1=" " ind2=" ">
    <subfield code="a">Fredric Cantor</subfield>
  </datafield>
  <datafield tag="700" ind1=" " ind2=" ">
    <subfield code="a">Hellmut Merkle</subfield>
  </datafield>
  <datafield tag="700" ind1=" " ind2=" ">
    <subfield code="a">Ellen Condon</subfield>
  </datafield>
  <datafield tag="700" ind1=" " ind2=" ">
    <subfield code="a">Marcela Montequin</subfield>
  </datafield>
  <datafield tag="700" ind1=" " ind2=" ">
    <subfield code="a">Sandra Moore</subfield>
  </datafield>
  <datafield tag="700" ind1=" " ind2=" ">
    <subfield code="a">Martha Quezado</subfield>
  </datafield>
  <datafield tag="700" ind1=" " ind2=" ">
    <subfield code="a">Deborah Tkaczyk</subfield>
  </datafield>
  <datafield tag="700" ind1=" " ind2=" ">
    <subfield code="a">Henry McFarland</subfield>
  </datafield>
  <datafield tag="653" ind1="1" ind2=" ">
    <subfield code="a">Aged</subfield>
  </datafield>
  <datafield tag="653" ind1="1" ind2=" ">
    <subfield code="a">Aged, 80 and over</subfield>
  </datafield>
  <datafield tag="653" ind1="1" ind2=" ">
    <subfield code="a">Brain</subfield>
  </datafield>
  <datafield tag="653" ind1="1" ind2=" ">
    <subfield code="a">female</subfield>
  </datafield>
  <datafield tag="653" ind1="1" ind2=" ">
    <subfield code="a">Humans</subfield>
  </datafield>
  <datafield tag="653" ind1="1" ind2=" ">
    <subfield code="a">Image Processing, Computer-Assisted</subfield>
  </datafield>
  <datafield tag="653" ind1="1" ind2=" ">
    <subfield code="a">Magnetic Resonance Imaging</subfield>
  </datafield>
  <datafield tag="653" ind1="1" ind2=" ">
    <subfield code="a">male</subfield>
  </datafield>
  <datafield tag="653" ind1="1" ind2=" ">
    <subfield code="a">Multiple Sclerosis</subfield>
  </datafield>
  <datafield tag="902" ind1=" " ind2=" ">
    <subfield code="a">Neuroimmunology Branch (NIB), National Institute of Neurological Disorders and Stroke (NINDS), NIH, Bethesda, MD 20892-1400, USA. bagnatof@ninds.nih.gov</subfield>
  </datafield>
  <datafield tag="909" ind1="C" ind2="4">
    <subfield code="p">Journal of the neurological sciences</subfield>
    <subfield code="v">282</subfield>
    <subfield code="c"></subfield>
    <subfield code="n">1-2</subfield>
    <subfield code="y">2009-07-15</subfield>
  </datafield>
  <datafield tag="041" ind1=" " ind2=" ">
    <subfield code="a">eng</subfield>
  </datafield>
  <datafield tag="980" ind1=" " ind2=" ">
    <subfield code="a">ARTICLE</subfield>
  </datafield>
  <datafield tag="980" ind1=" " ind2=" ">
    <subfield code="a">PUBMED</subfield>
  </datafield>
  <datafield tag="650" ind1=" " ind2="7">
    <subfield code="a">In Vitro</subfield>
  </datafield>
</record>