
<record>
  
  
  <datafield tag="022" ind1=" " ind2=" ">
    <subfield code="a">1532-8600</subfield>
  </datafield>
  <datafield tag="024" ind1="7" ind2=" ">
    <subfield code="a">10.1016/j.metabol.2009.02.027</subfield>
    <subfield code="2">DOI</subfield>
  </datafield>
  <datafield tag="035" ind1=" " ind2=" ">
    <subfield code="a">19394973</subfield>
    <subfield code="9">PMC</subfield>
  </datafield>
  <datafield tag="245" ind1=" " ind2=" ">
    <subfield code="a">Inverse associations between muscle mass, strength, and the metabolic syndrome.</subfield>
  </datafield>
  <datafield tag="260" ind1=" " ind2=" ">
    <subfield code="c">2009-06-08</subfield>
  </datafield>
  <datafield tag="520" ind1=" " ind2=" ">
    <subfield code="a">The metabolic syndrome (MetS) is a clustering of individual cardiovascular disease risk factors, which doubles the risk of early mortality. The authors' aimed to determine the prevalence and population attributable risk (PAR%) of the MetS among men according to demographic, physical, and lifestyle risk factors. A cross-sectional study was conducted in 1195 men in the Florey Adelaide Male Ageing Study, a regionally representative cohort of Australian men aged 35 to 81 years conducted in 2002-2005 (response rate, 45.1%). Prevalent MetS was determined according to the Adult Treatment Panel III (ATPIII) and International Diabetes Federation (IDF) classifications; and an extensive list of demographic, physical (including muscle strength, body composition by dual-energy x-ray absorptiometry, sex hormones), and lifestyle factors was accounted for. Prevalence estimates were 37.7% and 41.8% for ATPIII and IDF classifications. Odds ratios for present MetS were determined using multiple-adjusted logistic regression. Odds for present ATPIII MetS decreased (in order of importance) for lower insulin and increased for lower muscle mass, lower strength, and 3+ medical conditions. Odds for present IDF MetS decreased for lower insulin and increased for lower muscle mass, strength, and sex hormone-binding globulin levels; older age; and being married. Significant PAR% due to lowest insulin, muscle mass, and strength quarters were -44%, 27%, and 17% for the ATPIII Met, and -48%, 31%, and 20% for the IDF MetS. A substantial proportion of MetS cases would have been theoretically prevented if prior exposure to low muscle mass and strength were eradicated (PAR% ranged from 14% to 24%). Findings indicate that insulin resistance is a central abnormality in the MetS and that muscle mass and strength are strong protective factors independent of insulin resistance and abdominal fat accumulation. If confirmed prospectively, increases in muscle mass and strength needed to prevent a substantial proportion of MetS cases would be achievable with a short-term strength training intervention.</subfield>
  </datafield>
  <datafield tag="100" ind1=" " ind2=" ">
    <subfield code="a">Evan Atlantis</subfield>
  </datafield>
  <datafield tag="700" ind1=" " ind2=" ">
    <subfield code="a">Sean A Martin</subfield>
  </datafield>
  <datafield tag="700" ind1=" " ind2=" ">
    <subfield code="a">Matthew T Haren</subfield>
  </datafield>
  <datafield tag="700" ind1=" " ind2=" ">
    <subfield code="a">Anne W Taylor</subfield>
  </datafield>
  <datafield tag="700" ind1=" " ind2=" ">
    <subfield code="a">Gary A Wittert</subfield>
  </datafield>
  <datafield tag="653" ind1="1" ind2=" ">
    <subfield code="a">Adult</subfield>
  </datafield>
  <datafield tag="653" ind1="1" ind2=" ">
    <subfield code="a">Aged</subfield>
  </datafield>
  <datafield tag="653" ind1="1" ind2=" ">
    <subfield code="a">Aged, 80 and over</subfield>
  </datafield>
  <datafield tag="653" ind1="1" ind2=" ">
    <subfield code="a">Australia</subfield>
  </datafield>
  <datafield tag="653" ind1="1" ind2=" ">
    <subfield code="a">Blood Glucose</subfield>
  </datafield>
  <datafield tag="653" ind1="1" ind2=" ">
    <subfield code="a">Blood Pressure</subfield>
  </datafield>
  <datafield tag="653" ind1="1" ind2=" ">
    <subfield code="a">Body Composition</subfield>
  </datafield>
  <datafield tag="653" ind1="1" ind2=" ">
    <subfield code="a">Cholesterol</subfield>
  </datafield>
  <datafield tag="653" ind1="1" ind2=" ">
    <subfield code="a">Cohort Studies</subfield>
  </datafield>
  <datafield tag="653" ind1="1" ind2=" ">
    <subfield code="a">Cross-Sectional Studies</subfield>
  </datafield>
  <datafield tag="653" ind1="1" ind2=" ">
    <subfield code="a">Hand Strength</subfield>
  </datafield>
  <datafield tag="653" ind1="1" ind2=" ">
    <subfield code="a">Humans</subfield>
  </datafield>
  <datafield tag="653" ind1="1" ind2=" ">
    <subfield code="a">Insulin</subfield>
  </datafield>
  <datafield tag="653" ind1="1" ind2=" ">
    <subfield code="a">Life Style</subfield>
  </datafield>
  <datafield tag="653" ind1="1" ind2=" ">
    <subfield code="a">male</subfield>
  </datafield>
  <datafield tag="653" ind1="1" ind2=" ">
    <subfield code="a">Metabolic Syndrome X</subfield>
  </datafield>
  <datafield tag="653" ind1="1" ind2=" ">
    <subfield code="a">Middle Aged</subfield>
  </datafield>
  <datafield tag="653" ind1="1" ind2=" ">
    <subfield code="a">Muscle, Skeletal</subfield>
  </datafield>
  <datafield tag="653" ind1="1" ind2=" ">
    <subfield code="a">Questionnaires</subfield>
  </datafield>
  <datafield tag="653" ind1="1" ind2=" ">
    <subfield code="a">Sex Hormone-Binding Globulin</subfield>
  </datafield>
  <datafield tag="653" ind1="1" ind2=" ">
    <subfield code="a">Testosterone</subfield>
  </datafield>
  <datafield tag="653" ind1="1" ind2=" ">
    <subfield code="a">Waist Circumference</subfield>
  </datafield>
  <datafield tag="902" ind1=" " ind2=" ">
    <subfield code="a">Faculty of Health Sciences, The University of Sydney, Sydney 2141, Australia. e.atlantis@usyd.edu.au</subfield>
  </datafield>
  <datafield tag="909" ind1="C" ind2="4">
    <subfield code="p">Metabolism: clinical and experimental</subfield>
    <subfield code="v">58</subfield>
    <subfield code="c"></subfield>
    <subfield code="n">7</subfield>
    <subfield code="y">2009-07-01</subfield>
  </datafield>
  <datafield tag="041" ind1=" " ind2=" ">
    <subfield code="a">eng</subfield>
  </datafield>
  <datafield tag="980" ind1=" " ind2=" ">
    <subfield code="a">ARTICLE</subfield>
  </datafield>
  <datafield tag="980" ind1=" " ind2=" ">
    <subfield code="a">PUBMED</subfield>
  </datafield>
  <datafield tag="650" ind1=" " ind2="7">
    <subfield code="a">Journal Article</subfield>
  </datafield>
</record>