
<record>
  
  
  <datafield tag="022" ind1=" " ind2=" ">
    <subfield code="a">1532-8600</subfield>
  </datafield>
  <datafield tag="024" ind1="7" ind2=" ">
    <subfield code="a">10.1016/j.metabol.2009.02.026</subfield>
    <subfield code="2">DOI</subfield>
  </datafield>
  <datafield tag="035" ind1=" " ind2=" ">
    <subfield code="a">19394974</subfield>
    <subfield code="9">PMC</subfield>
  </datafield>
  <datafield tag="245" ind1=" " ind2=" ">
    <subfield code="a">Metabolic disorders induced by highly active antiretroviral therapy and their relationship with vascular remodeling of the brachial artery in a population of HIV-infected patients.</subfield>
  </datafield>
  <datafield tag="260" ind1=" " ind2=" ">
    <subfield code="c">2009-06-08</subfield>
  </datafield>
  <datafield tag="520" ind1=" " ind2=" ">
    <subfield code="a">Antiretroviral therapy has positively modified the natural history of HIV infection; but this treatment can induce metabolic abnormalities, including dyslipidemia, fat redistribution, high blood pressure, and insulin resistance. The metabolic syndrome, a clustering of the metabolic disorders, is frequently detected among HIV patients, especially those on antiretroviral treatment. All the arteries can modify their diameter in response to a chronic injury. This process, defined vascular remodeling, was demonstrated for the brachial artery. It is well known that the diameter of the brachial artery was correlated with the number of the elements of the metabolic syndrome and was associated with the severity of coronary artery disease. On this basis, we postulate that brachial arterial enlargement may be a process potentially correlated with the metabolic disorders induced by antiretroviral therapy. We tested this hypothesis in a large population of HIV-infected patients in which we measured brachial artery diameter, as an indicator of artery remodeling, by noninvasive, ultrasonographic technique. Our population consisted of 570 patients, with a mean age of 46.3 +/- 7.1 years. All the patients were chronically treated with highly active antiretroviral therapy. Brachial artery diameter was correlated with insulin resistance, evaluated by the homeostasis model assessment of insulin resistance index (r = 0.18, P &lt; .0001). There was a significant linear increase in brachial artery diameter as the number of components of the metabolic syndrome increased: brachial artery diameter for those with 0, 1, 2, 3, or + characteristics was 39.3 +/- 7.2, 41.0 +/- 6.8, 42.0 +/- 7.3, and 43.8 +/- 7.9 mm, respectively (P &lt; .001 for trend). In multivariable logistic regression analysis, brachial artery diameter was independently correlated with the presence of metabolic syndrome. Our results are in line with the hypothesis that, among HIV-infected patients chronically treated with antiretroviral therapy, those with a larger brachial artery diameter are at high risk for metabolic disorders, including a more severe insulin resistance and the presence of metabolic syndrome.</subfield>
  </datafield>
  <datafield tag="100" ind1=" " ind2=" ">
    <subfield code="a">Rosario Rossi</subfield>
  </datafield>
  <datafield tag="700" ind1=" " ind2=" ">
    <subfield code="a">Annachiara Nuzzo</subfield>
  </datafield>
  <datafield tag="700" ind1=" " ind2=" ">
    <subfield code="a">Giovanni Guaraldi</subfield>
  </datafield>
  <datafield tag="700" ind1=" " ind2=" ">
    <subfield code="a">Nicola Squillace</subfield>
  </datafield>
  <datafield tag="700" ind1=" " ind2=" ">
    <subfield code="a">Gabriella Orlando</subfield>
  </datafield>
  <datafield tag="700" ind1=" " ind2=" ">
    <subfield code="a">Roberto Esposito</subfield>
  </datafield>
  <datafield tag="700" ind1=" " ind2=" ">
    <subfield code="a">Antonella Lattanzi</subfield>
  </datafield>
  <datafield tag="700" ind1=" " ind2=" ">
    <subfield code="a">Maria G Modena</subfield>
  </datafield>
  <datafield tag="653" ind1="1" ind2=" ">
    <subfield code="a">Adult</subfield>
  </datafield>
  <datafield tag="653" ind1="1" ind2=" ">
    <subfield code="a">Aged</subfield>
  </datafield>
  <datafield tag="653" ind1="1" ind2=" ">
    <subfield code="a">Antiretroviral Therapy, Highly Active</subfield>
  </datafield>
  <datafield tag="653" ind1="1" ind2=" ">
    <subfield code="a">Brachial Artery</subfield>
  </datafield>
  <datafield tag="653" ind1="1" ind2=" ">
    <subfield code="a">female</subfield>
  </datafield>
  <datafield tag="653" ind1="1" ind2=" ">
    <subfield code="a">HIV</subfield>
  </datafield>
  <datafield tag="653" ind1="1" ind2=" ">
    <subfield code="a">HIV Infections</subfield>
  </datafield>
  <datafield tag="653" ind1="1" ind2=" ">
    <subfield code="a">Humans</subfield>
  </datafield>
  <datafield tag="653" ind1="1" ind2=" ">
    <subfield code="a">Logistic Models</subfield>
  </datafield>
  <datafield tag="653" ind1="1" ind2=" ">
    <subfield code="a">male</subfield>
  </datafield>
  <datafield tag="653" ind1="1" ind2=" ">
    <subfield code="a">Metabolic Syndrome X</subfield>
  </datafield>
  <datafield tag="653" ind1="1" ind2=" ">
    <subfield code="a">Middle Aged</subfield>
  </datafield>
  <datafield tag="653" ind1="1" ind2=" ">
    <subfield code="a">multivariate analysis</subfield>
  </datafield>
  <datafield tag="653" ind1="1" ind2=" ">
    <subfield code="a">Neovascularization, Pathologic</subfield>
  </datafield>
  <datafield tag="653" ind1="1" ind2=" ">
    <subfield code="a">Young Adult</subfield>
  </datafield>
  <datafield tag="902" ind1=" " ind2=" ">
    <subfield code="a">Institute of Cardiology, University of Modena and Reggio Emilia. Policlinico Hospital, Modena, Italy. rossi.rosario@unimore.it</subfield>
  </datafield>
  <datafield tag="909" ind1="C" ind2="4">
    <subfield code="p">Metabolism: clinical and experimental</subfield>
    <subfield code="v">58</subfield>
    <subfield code="c"></subfield>
    <subfield code="n">7</subfield>
    <subfield code="y">2009-07-01</subfield>
  </datafield>
  <datafield tag="041" ind1=" " ind2=" ">
    <subfield code="a">eng</subfield>
  </datafield>
  <datafield tag="980" ind1=" " ind2=" ">
    <subfield code="a">ARTICLE</subfield>
  </datafield>
  <datafield tag="980" ind1=" " ind2=" ">
    <subfield code="a">PUBMED</subfield>
  </datafield>
  <datafield tag="650" ind1=" " ind2="7">
    <subfield code="a">Journal Article</subfield>
  </datafield>
</record>