
<record>
  
  
  <datafield tag="022" ind1=" " ind2=" ">
    <subfield code="a">1532-8600</subfield>
  </datafield>
  <datafield tag="024" ind1="7" ind2=" ">
    <subfield code="a">10.1016/j.metabol.2009.02.030</subfield>
    <subfield code="2">DOI</subfield>
  </datafield>
  <datafield tag="035" ind1=" " ind2=" ">
    <subfield code="a">19394975</subfield>
    <subfield code="9">PMC</subfield>
  </datafield>
  <datafield tag="245" ind1=" " ind2=" ">
    <subfield code="a">Resting energy expenditure in subjects with and without intermittent claudication.</subfield>
  </datafield>
  <datafield tag="260" ind1=" " ind2=" ">
    <subfield code="c">2009-06-08</subfield>
  </datafield>
  <datafield tag="520" ind1=" " ind2=" ">
    <subfield code="a">Subjects with peripheral arterial disease and intermittent claudication have ischemia of the lower extremities, but little is known how this influences resting energy expenditure. The objective of the study was to compare the resting energy expenditure of subjects with and without intermittent claudication. One hundred six subjects limited by intermittent claudication and 77 controls who did not have peripheral arterial disease and intermittent claudication participated in this study. Subjects were assessed on resting energy expenditure, body composition, ankle/brachial index (ABI), and calf blood flow. Subjects with intermittent claudication had a lower resting energy expenditure (1585 +/- 251 vs 1716 +/- 277 kcal/d, P = .019), higher body fat percentage (33.4% +/- 10.7% vs 29.6% +/- 7.7%, P = .016), higher fat mass (29.6 +/- 10.6 vs 24.2 +/- 8.9 kg, P = .011), and lower ABI (0.66 +/- 0.20 vs 1.19 +/- 0.12, P &lt; .001). Resting energy expenditure was predicted by fat-free mass (P &lt; .001), ABI (P = .027), and calf blood flow (P = .040). Resting energy expenditure remained lower in the subjects with intermittent claudication after adjusting for clinical characteristics plus fat-free mass (1611 +/- 171 vs 1685 +/- 209 kcal/d, P = .035), but was no longer different between groups after further adjustment for ABI and calf blood flow (1622 +/- 165 vs 1633 +/- 185 kcal/d, P = .500). Subjects with intermittent claudication have lower resting energy expenditure than controls, which is partially explained by ABI and calf blood flow.</subfield>
  </datafield>
  <datafield tag="100" ind1=" " ind2=" ">
    <subfield code="a">Andrew W Gardner</subfield>
  </datafield>
  <datafield tag="700" ind1=" " ind2=" ">
    <subfield code="a">Polly S Montgomery</subfield>
  </datafield>
  <datafield tag="653" ind1="1" ind2=" ">
    <subfield code="a">Aged</subfield>
  </datafield>
  <datafield tag="653" ind1="1" ind2=" ">
    <subfield code="a">Ankle Brachial Index</subfield>
  </datafield>
  <datafield tag="653" ind1="1" ind2=" ">
    <subfield code="a">Body Composition</subfield>
  </datafield>
  <datafield tag="653" ind1="1" ind2=" ">
    <subfield code="a">Brachial Artery</subfield>
  </datafield>
  <datafield tag="653" ind1="1" ind2=" ">
    <subfield code="a">Energy Metabolism</subfield>
  </datafield>
  <datafield tag="653" ind1="1" ind2=" ">
    <subfield code="a">female</subfield>
  </datafield>
  <datafield tag="653" ind1="1" ind2=" ">
    <subfield code="a">Humans</subfield>
  </datafield>
  <datafield tag="653" ind1="1" ind2=" ">
    <subfield code="a">Intermittent Claudication</subfield>
  </datafield>
  <datafield tag="653" ind1="1" ind2=" ">
    <subfield code="a">Leg</subfield>
  </datafield>
  <datafield tag="653" ind1="1" ind2=" ">
    <subfield code="a">male</subfield>
  </datafield>
  <datafield tag="653" ind1="1" ind2=" ">
    <subfield code="a">Middle Aged</subfield>
  </datafield>
  <datafield tag="653" ind1="1" ind2=" ">
    <subfield code="a">Peripheral Vascular Diseases</subfield>
  </datafield>
  <datafield tag="653" ind1="1" ind2=" ">
    <subfield code="a">Statistics, Nonparametric</subfield>
  </datafield>
  <datafield tag="902" ind1=" " ind2=" ">
    <subfield code="a">CMRI Diabetes and Metabolic Research Program, University of Oklahoma Health Sciences Center, Oklahoma City, OK 73117, USA. andrew-gardner@ouhsc.edu</subfield>
  </datafield>
  <datafield tag="909" ind1="C" ind2="4">
    <subfield code="p">Metabolism: clinical and experimental</subfield>
    <subfield code="v">58</subfield>
    <subfield code="c"></subfield>
    <subfield code="n">7</subfield>
    <subfield code="y">2009-07-01</subfield>
  </datafield>
  <datafield tag="041" ind1=" " ind2=" ">
    <subfield code="a">eng</subfield>
  </datafield>
  <datafield tag="980" ind1=" " ind2=" ">
    <subfield code="a">ARTICLE</subfield>
  </datafield>
  <datafield tag="980" ind1=" " ind2=" ">
    <subfield code="a">PUBMED</subfield>
  </datafield>
  <datafield tag="650" ind1=" " ind2="7">
    <subfield code="a">Journal Article</subfield>
  </datafield>
</record>