
<record>
  
  
  <datafield tag="022" ind1=" " ind2=" ">
    <subfield code="a">1532-8600</subfield>
  </datafield>
  <datafield tag="024" ind1="7" ind2=" ">
    <subfield code="a">10.1016/j.metabol.2009.03.004</subfield>
    <subfield code="2">DOI</subfield>
  </datafield>
  <datafield tag="035" ind1=" " ind2=" ">
    <subfield code="a">19394977</subfield>
    <subfield code="9">PMC</subfield>
  </datafield>
  <datafield tag="245" ind1=" " ind2=" ">
    <subfield code="a">Effects of adiponectin transgenic expression in liver of nonalcoholic steatohepatitis model mice.</subfield>
  </datafield>
  <datafield tag="260" ind1=" " ind2=" ">
    <subfield code="c">2009-06-08</subfield>
  </datafield>
  <datafield tag="520" ind1=" " ind2=" ">
    <subfield code="a">We have previously reported that transgenic mice expressing nuclear sterol regulatory element-binding protein 1c (nSREBP-1c) in adipose tissue under the control of aP2 promoter, an inherited lipodystrophic model with insulin resistance and fatty liver, developed with age liver lesions similar to those of human nonalcoholic steatohepatitis (NASH). Because the spontaneous NASH model mice had marked hypoadiponectinemia, here we assessed the effect of adiponectin transgenically expressed in the liver of nSREBP-1c transgenic mice. The nSREBP-1c/adiponectin double-transgenic mice showed hepatic adiponectin production and restored circulating adiponectin levels. Both subtypes of adiponectin receptors proved to be expressed normally in the liver. Peroxisome proliferator-activated receptor-alpha was up-regulated in the double-transgenic mice. Histologic findings similar to those observed in the liver specimens of patients with NASH were observed in the livers from nSREBP-1c transgenic mice at the age of 30 weeks. In contrast, the NASH-like hepatic lesions were obviously attenuated in age-matched double-transgenic mice. Immunoreactivity of 8-hydroxy-2'-deoxyguanosine and proliferating cell nuclear antigen-positive cells were increased in nSREBP-1c transgenic mice, but not in the double-transgenic mice. Postload plasma glucose levels were significantly lower in the double-transgenic mice compared with nSREBP-1c transgenic mice, whereas serum leptin levels did not differ significantly in the 2 groups. These observations suggest that hypoadiponectinemia plays a key role in the pathogenesis of NASH associated with insulin resistance and may provide a clue to the novel therapy for human NASH.</subfield>
  </datafield>
  <datafield tag="100" ind1=" " ind2=" ">
    <subfield code="a">Hitomi Nakayama</subfield>
  </datafield>
  <datafield tag="700" ind1=" " ind2=" ">
    <subfield code="a">Shuichi Otabe</subfield>
  </datafield>
  <datafield tag="700" ind1=" " ind2=" ">
    <subfield code="a">Xiaohong Yuan</subfield>
  </datafield>
  <datafield tag="700" ind1=" " ind2=" ">
    <subfield code="a">Takato Ueno</subfield>
  </datafield>
  <datafield tag="700" ind1=" " ind2=" ">
    <subfield code="a">Naotoshi Hirota</subfield>
  </datafield>
  <datafield tag="700" ind1=" " ind2=" ">
    <subfield code="a">Tomoka Fukutani</subfield>
  </datafield>
  <datafield tag="700" ind1=" " ind2=" ">
    <subfield code="a">Nobuhiko Wada</subfield>
  </datafield>
  <datafield tag="700" ind1=" " ind2=" ">
    <subfield code="a">Toshihiko Hashinaga</subfield>
  </datafield>
  <datafield tag="700" ind1=" " ind2=" ">
    <subfield code="a">Kentaro Yamada</subfield>
  </datafield>
  <datafield tag="653" ind1="1" ind2=" ">
    <subfield code="a">Adiponectin</subfield>
  </datafield>
  <datafield tag="653" ind1="1" ind2=" ">
    <subfield code="a">Alanine Transaminase</subfield>
  </datafield>
  <datafield tag="653" ind1="1" ind2=" ">
    <subfield code="a">Animals</subfield>
  </datafield>
  <datafield tag="653" ind1="1" ind2=" ">
    <subfield code="a">Aspartate Aminotransferases</subfield>
  </datafield>
  <datafield tag="653" ind1="1" ind2=" ">
    <subfield code="a">Blotting, Northern</subfield>
  </datafield>
  <datafield tag="653" ind1="1" ind2=" ">
    <subfield code="a">Blotting, Western</subfield>
  </datafield>
  <datafield tag="653" ind1="1" ind2=" ">
    <subfield code="a">Deoxyguanosine</subfield>
  </datafield>
  <datafield tag="653" ind1="1" ind2=" ">
    <subfield code="a">Disease Models, Animal</subfield>
  </datafield>
  <datafield tag="653" ind1="1" ind2=" ">
    <subfield code="a">Fatty Liver</subfield>
  </datafield>
  <datafield tag="653" ind1="1" ind2=" ">
    <subfield code="a">female</subfield>
  </datafield>
  <datafield tag="653" ind1="1" ind2=" ">
    <subfield code="a">Glucose Tolerance Test</subfield>
  </datafield>
  <datafield tag="653" ind1="1" ind2=" ">
    <subfield code="a">Histocytochemistry</subfield>
  </datafield>
  <datafield tag="653" ind1="1" ind2=" ">
    <subfield code="a">Leptin</subfield>
  </datafield>
  <datafield tag="653" ind1="1" ind2=" ">
    <subfield code="a">male</subfield>
  </datafield>
  <datafield tag="653" ind1="1" ind2=" ">
    <subfield code="a">Mice</subfield>
  </datafield>
  <datafield tag="653" ind1="1" ind2=" ">
    <subfield code="a">Mice, Inbred C57BL</subfield>
  </datafield>
  <datafield tag="653" ind1="1" ind2=" ">
    <subfield code="a">Mice, Transgenic</subfield>
  </datafield>
  <datafield tag="653" ind1="1" ind2=" ">
    <subfield code="a">PPAR alpha</subfield>
  </datafield>
  <datafield tag="653" ind1="1" ind2=" ">
    <subfield code="a">Proliferating Cell Nuclear Antigen</subfield>
  </datafield>
  <datafield tag="653" ind1="1" ind2=" ">
    <subfield code="a">RNA</subfield>
  </datafield>
  <datafield tag="653" ind1="1" ind2=" ">
    <subfield code="a">Receptors, Adiponectin</subfield>
  </datafield>
  <datafield tag="653" ind1="1" ind2=" ">
    <subfield code="a">Sterol Regulatory Element Binding Protein 1</subfield>
  </datafield>
  <datafield tag="902" ind1=" " ind2=" ">
    <subfield code="a">Department of Medicine, Division of Endocrinology and Metabolism, Kurume University, Kurume, Fukuoka, Japan.</subfield>
  </datafield>
  <datafield tag="909" ind1="C" ind2="4">
    <subfield code="p">Metabolism: clinical and experimental</subfield>
    <subfield code="v">58</subfield>
    <subfield code="c"></subfield>
    <subfield code="n">7</subfield>
    <subfield code="y">2009-07-01</subfield>
  </datafield>
  <datafield tag="041" ind1=" " ind2=" ">
    <subfield code="a">eng</subfield>
  </datafield>
  <datafield tag="980" ind1=" " ind2=" ">
    <subfield code="a">ARTICLE</subfield>
  </datafield>
  <datafield tag="980" ind1=" " ind2=" ">
    <subfield code="a">PUBMED</subfield>
  </datafield>
  <datafield tag="650" ind1=" " ind2="7">
    <subfield code="a">Journal Article</subfield>
  </datafield>
</record>