
<record>
  
  
  <datafield tag="022" ind1=" " ind2=" ">
    <subfield code="a">1532-8600</subfield>
  </datafield>
  <datafield tag="024" ind1="7" ind2=" ">
    <subfield code="a">10.1016/j.metabol.2009.02.025</subfield>
    <subfield code="2">DOI</subfield>
  </datafield>
  <datafield tag="035" ind1=" " ind2=" ">
    <subfield code="a">19394978</subfield>
    <subfield code="9">PMC</subfield>
  </datafield>
  <datafield tag="245" ind1=" " ind2=" ">
    <subfield code="a">Metabolic rate and fuel utilization during sleep assessed by whole-body indirect calorimetry.</subfield>
  </datafield>
  <datafield tag="260" ind1=" " ind2=" ">
    <subfield code="c">2009-06-08</subfield>
  </datafield>
  <datafield tag="520" ind1=" " ind2=" ">
    <subfield code="a">The purpose of this study was to examine metabolic rate and substrate oxidation during sleep in relation to time of sleep and sleep stage. Twelve male subjects free from sleep-disordered breathing slept for 469 +/- 8.7 (mean +/- SE) minutes until natural awakening in a whole-body indirect calorimeter, and polysomnographic documentation of sleep was recorded. Energy expenditure decreased during the first half of the night, reached a nadir (a 35% decrease), and remained relatively stable until awakening. Similarly, fat oxidation decreased from the onset of sleep. On the other hand, carbohydrate oxidation showed no remarkable changes from the onset of sleep but began to increase before awakening. Because distribution of sleep stages is not uniform throughout the night, with rapid-eye-movement (REM) sleep tending to appear later in the sleep, effect of sleep stage on energy metabolism was isolated by analysis of covariance with time as a covariate. Subsequent comparison of metabolic rate by 1-way analysis of variance with Bonferroni post hoc analysis revealed that energy expenditure during REM sleep was significantly greater than that during sleep stages 2 and 3/4 (stage 2, 25.248 +/- 0.961; stage 3/4, 24.825 +/- 0.935; REM, 25.712 +/- 0.928 kcal kg(-1) fat-free mass d(-1)). Carbohydrate oxidation during REM sleep was significantly greater than that during sleep stage 3/4 (stage 3/4, 12.229 +/- 1.071; REM, 13.986 +/- 1.291 kcal kg(-1) fat-free mass d(-1)). Respiration quotient was statistically different among sleep stages, but Bonferroni post hoc analysis failed to identify significant differences (stage 2, 0.850 +/- 0.010; stage 3/4, 0.846 +/- 0.011; REM, 0.861 +/- 0.013). The increases in energy expenditure and carbohydrate oxidation during REM sleep are consistent with a notion that changes in energy metabolism in brain are manifested as small fluctuations in whole-body energy metabolism during sleep.</subfield>
  </datafield>
  <datafield tag="100" ind1=" " ind2=" ">
    <subfield code="a">Yasuko Katayose</subfield>
  </datafield>
  <datafield tag="700" ind1=" " ind2=" ">
    <subfield code="a">Mami Tasaki</subfield>
  </datafield>
  <datafield tag="700" ind1=" " ind2=" ">
    <subfield code="a">Hitomi Ogata</subfield>
  </datafield>
  <datafield tag="700" ind1=" " ind2=" ">
    <subfield code="a">Yoshio Nakata</subfield>
  </datafield>
  <datafield tag="700" ind1=" " ind2=" ">
    <subfield code="a">Kumpei Tokuyama</subfield>
  </datafield>
  <datafield tag="700" ind1=" " ind2=" ">
    <subfield code="a">Makoto Satoh</subfield>
  </datafield>
  <datafield tag="653" ind1="1" ind2=" ">
    <subfield code="a">Adult</subfield>
  </datafield>
  <datafield tag="653" ind1="1" ind2=" ">
    <subfield code="a">Basal Metabolism</subfield>
  </datafield>
  <datafield tag="653" ind1="1" ind2=" ">
    <subfield code="a">Calorimetry, Indirect</subfield>
  </datafield>
  <datafield tag="653" ind1="1" ind2=" ">
    <subfield code="a">Energy Metabolism</subfield>
  </datafield>
  <datafield tag="653" ind1="1" ind2=" ">
    <subfield code="a">Humans</subfield>
  </datafield>
  <datafield tag="653" ind1="1" ind2=" ">
    <subfield code="a">male</subfield>
  </datafield>
  <datafield tag="653" ind1="1" ind2=" ">
    <subfield code="a">Oxygen</subfield>
  </datafield>
  <datafield tag="653" ind1="1" ind2=" ">
    <subfield code="a">Polysomnography</subfield>
  </datafield>
  <datafield tag="653" ind1="1" ind2=" ">
    <subfield code="a">Sleep</subfield>
  </datafield>
  <datafield tag="653" ind1="1" ind2=" ">
    <subfield code="a">Young Adult</subfield>
  </datafield>
  <datafield tag="902" ind1=" " ind2=" ">
    <subfield code="a">Division of Sleep Medicine, Graduate School of Comprehensive Human Sciences, University of Tsukuba, Ibaraki, Japan.</subfield>
  </datafield>
  <datafield tag="909" ind1="C" ind2="4">
    <subfield code="p">Metabolism: clinical and experimental</subfield>
    <subfield code="v">58</subfield>
    <subfield code="c"></subfield>
    <subfield code="n">7</subfield>
    <subfield code="y">2009-07-01</subfield>
  </datafield>
  <datafield tag="041" ind1=" " ind2=" ">
    <subfield code="a">eng</subfield>
  </datafield>
  <datafield tag="980" ind1=" " ind2=" ">
    <subfield code="a">ARTICLE</subfield>
  </datafield>
  <datafield tag="980" ind1=" " ind2=" ">
    <subfield code="a">PUBMED</subfield>
  </datafield>
  <datafield tag="650" ind1=" " ind2="7">
    <subfield code="a">Journal Article</subfield>
  </datafield>
</record>