
<record>
  
  
  <datafield tag="022" ind1=" " ind2=" ">
    <subfield code="a">1532-8600</subfield>
  </datafield>
  <datafield tag="024" ind1="7" ind2=" ">
    <subfield code="a">10.1016/j.metabol.2009.03.003</subfield>
    <subfield code="2">DOI</subfield>
  </datafield>
  <datafield tag="035" ind1=" " ind2=" ">
    <subfield code="a">19394979</subfield>
    <subfield code="9">PMC</subfield>
  </datafield>
  <datafield tag="245" ind1=" " ind2=" ">
    <subfield code="a">A numerical deconvolution method to estimate C-peptide secretion in humans after an intravenous glucose tolerance test.</subfield>
  </datafield>
  <datafield tag="260" ind1=" " ind2=" ">
    <subfield code="c">2009-06-08</subfield>
  </datafield>
  <datafield tag="520" ind1=" " ind2=" ">
    <subfield code="a">Quantitative assessment of pancreatic insulin secretion rate in individuals may help advance our understanding and treatment of diabetes. We describe for the first time the application of a long-established numerical deconvolution procedure in which a prescribed input function is used to represent first-phase pancreatic secretion response to an intravenous glucose challenge (intravenous glucose tolerance test [IVGTT]) in individual subjects. We identify that C-peptide secretory response to an IVGTT can be described by a basal secretion rate (S(b)) (picomoles per liter per minute) and a first-phase secretory response characterized by a Gaussian function. The Gaussian function contains 3 parameters: P(1) (picomoles per liter per minute), which represents the peak rate secretion; P(2) (per square minute), which is related to the inverse of peak width at half-peak height; and P(3) (minutes), which is the time of the peak secretion rate. When applied to data from 8 healthy Chinese subjects, the estimated parameter values (mean +/- SD) were 19.2 +/- 12.9 pmol L(-1) min(-1), 1548 +/- 1143 pmol L(-1) min(-1), 1.09 +/- 1.21 min(-2), and 2.94 +/- 1.13 minutes for S(b), P(1), P(2), and P(3), respectively. The Gaussian input functions are shown to have similar shapes and to be highly concordant in magnitude with secretory responses estimated by means of the method of Eaton et al (1980) and by the ISEC computer program. In conclusion, we have presented a simple, integrated, validated, and easily implemented method suitable for quantifying pancreatic C-peptide and insulin secretion in individual human subjects. The superiority of our method in comparison with other methods is that it uses as an input function the Gaussian, which has been experimentally verified as describing in vivo the profile of pulsatile insulin secretion. The particular strength of our method is that the Gaussian parameters and simple indices derived from them provide a standardized and interpretable means for carrying out comparative investigations aimed at quantifying how pancreatic secretory responses to an IVGTT differ in various demographic groups or in response to therapeutic treatments.</subfield>
  </datafield>
  <datafield tag="100" ind1=" " ind2=" ">
    <subfield code="a">Ray C Boston</subfield>
  </datafield>
  <datafield tag="700" ind1=" " ind2=" ">
    <subfield code="a">Dee Pei</subfield>
  </datafield>
  <datafield tag="700" ind1=" " ind2=" ">
    <subfield code="a">Peter J Moate</subfield>
  </datafield>
  <datafield tag="653" ind1="1" ind2=" ">
    <subfield code="a">Adult</subfield>
  </datafield>
  <datafield tag="653" ind1="1" ind2=" ">
    <subfield code="a">C-Peptide</subfield>
  </datafield>
  <datafield tag="653" ind1="1" ind2=" ">
    <subfield code="a">Diabetes Mellitus</subfield>
  </datafield>
  <datafield tag="653" ind1="1" ind2=" ">
    <subfield code="a">female</subfield>
  </datafield>
  <datafield tag="653" ind1="1" ind2=" ">
    <subfield code="a">Glucose Tolerance Test</subfield>
  </datafield>
  <datafield tag="653" ind1="1" ind2=" ">
    <subfield code="a">Humans</subfield>
  </datafield>
  <datafield tag="653" ind1="1" ind2=" ">
    <subfield code="a">Insulin</subfield>
  </datafield>
  <datafield tag="653" ind1="1" ind2=" ">
    <subfield code="a">Insulin-Secreting Cells</subfield>
  </datafield>
  <datafield tag="653" ind1="1" ind2=" ">
    <subfield code="a">Kinetics</subfield>
  </datafield>
  <datafield tag="653" ind1="1" ind2=" ">
    <subfield code="a">male</subfield>
  </datafield>
  <datafield tag="653" ind1="1" ind2=" ">
    <subfield code="a">Middle Aged</subfield>
  </datafield>
  <datafield tag="653" ind1="1" ind2=" ">
    <subfield code="a">Models, Biological</subfield>
  </datafield>
  <datafield tag="653" ind1="1" ind2=" ">
    <subfield code="a">Numerical Analysis, Computer-Assisted</subfield>
  </datafield>
  <datafield tag="653" ind1="1" ind2=" ">
    <subfield code="a">Young Adult</subfield>
  </datafield>
  <datafield tag="902" ind1=" " ind2=" ">
    <subfield code="a">School of Veterinary Medicine, New Bolton Center, University of Pennsylvania, PA 19348, USA. drrayboston@yahoo.com</subfield>
  </datafield>
  <datafield tag="909" ind1="C" ind2="4">
    <subfield code="p">Metabolism: clinical and experimental</subfield>
    <subfield code="v">58</subfield>
    <subfield code="c"></subfield>
    <subfield code="n">7</subfield>
    <subfield code="y">2009-07-01</subfield>
  </datafield>
  <datafield tag="041" ind1=" " ind2=" ">
    <subfield code="a">eng</subfield>
  </datafield>
  <datafield tag="980" ind1=" " ind2=" ">
    <subfield code="a">ARTICLE</subfield>
  </datafield>
  <datafield tag="980" ind1=" " ind2=" ">
    <subfield code="a">PUBMED</subfield>
  </datafield>
  <datafield tag="650" ind1=" " ind2="7">
    <subfield code="a">Journal Article</subfield>
  </datafield>
</record>