
<record>
  
  
  <datafield tag="022" ind1=" " ind2=" ">
    <subfield code="a">1532-8600</subfield>
  </datafield>
  <datafield tag="024" ind1="7" ind2=" ">
    <subfield code="a">10.1016/j.metabol.2009.02.024</subfield>
    <subfield code="2">DOI</subfield>
  </datafield>
  <datafield tag="035" ind1=" " ind2=" ">
    <subfield code="a">19394980</subfield>
    <subfield code="9">PMC</subfield>
  </datafield>
  <datafield tag="245" ind1=" " ind2=" ">
    <subfield code="a">Serum fatty acid binding protein 4, free fatty acids, and metabolic risk markers.</subfield>
  </datafield>
  <datafield tag="260" ind1=" " ind2=" ">
    <subfield code="c">2009-06-08</subfield>
  </datafield>
  <datafield tag="520" ind1=" " ind2=" ">
    <subfield code="a">Fatty acid binding protein (FABP) 4 chaperones free fatty acids (FFAs) in the adipocytes during lipolysis. Serum FFA relates to metabolic syndrome, and serum FABP4 is emerging as a novel risk marker. In 36 overweight/obese women, serum FABP4 and FFA were measured hourly during 5-hour oral glucose tolerance test. Insulin resistance was determined using frequently sampled intravenous glucose tolerance test. Serum lipids and inflammation markers were measured at fasting. During oral glucose tolerance test, serum FABP4 decreased by 40%, reaching its nadir at 3 hours (from 45.3 +/- 3.1 to 31.9 +/- 1.6 ng/mL), and stayed below the baseline at 5 hours (35.9 +/- 2.2 ng/mL) (P &lt; .0001 for both, compared with the baseline). Serum FFA decreased by 10-fold, reaching a nadir at 2 hours (from 0.611 +/- 0.033 to 0.067 +/- 0.004 mmol/L), then rebounded to 0.816 +/- 0.035 mmol/L at 5 hours (P &lt; .001 for both, compared with baseline). Both fasting FABP4 and nadir FABP4 correlated with obesity. Nadir FABP4 correlated also with insulin resistance parameters from frequently sampled intravenous glucose tolerance test and with inflammation. Nadir FFA, but not fasting FFA, correlated with the metabolic syndrome parameters. In conclusion, fasting FABP4 related to metabolic risk markers more strongly than fasting FFA. Nadir FABP4 and nadir FFA measured after glucose loading may provide better risk assessment than the fasting values.</subfield>
  </datafield>
  <datafield tag="100" ind1=" " ind2=" ">
    <subfield code="a">Sidika E Karakas</subfield>
  </datafield>
  <datafield tag="700" ind1=" " ind2=" ">
    <subfield code="a">Rogelio U Almario</subfield>
  </datafield>
  <datafield tag="700" ind1=" " ind2=" ">
    <subfield code="a">Kyoungmi Kim</subfield>
  </datafield>
  <datafield tag="653" ind1="1" ind2=" ">
    <subfield code="a">Adolescent</subfield>
  </datafield>
  <datafield tag="653" ind1="1" ind2=" ">
    <subfield code="a">Adult</subfield>
  </datafield>
  <datafield tag="653" ind1="1" ind2=" ">
    <subfield code="a">Blood Glucose</subfield>
  </datafield>
  <datafield tag="653" ind1="1" ind2=" ">
    <subfield code="a">C-Reactive Protein</subfield>
  </datafield>
  <datafield tag="653" ind1="1" ind2=" ">
    <subfield code="a">Fatty Acid-Binding Proteins</subfield>
  </datafield>
  <datafield tag="653" ind1="1" ind2=" ">
    <subfield code="a">Fatty Acids, Nonesterified</subfield>
  </datafield>
  <datafield tag="653" ind1="1" ind2=" ">
    <subfield code="a">female</subfield>
  </datafield>
  <datafield tag="653" ind1="1" ind2=" ">
    <subfield code="a">Glucose Tolerance Test</subfield>
  </datafield>
  <datafield tag="653" ind1="1" ind2=" ">
    <subfield code="a">Humans</subfield>
  </datafield>
  <datafield tag="653" ind1="1" ind2=" ">
    <subfield code="a">Insulin Resistance</subfield>
  </datafield>
  <datafield tag="653" ind1="1" ind2=" ">
    <subfield code="a">Interleukin-1beta</subfield>
  </datafield>
  <datafield tag="653" ind1="1" ind2=" ">
    <subfield code="a">Interleukin-6</subfield>
  </datafield>
  <datafield tag="653" ind1="1" ind2=" ">
    <subfield code="a">Metabolic Syndrome X</subfield>
  </datafield>
  <datafield tag="653" ind1="1" ind2=" ">
    <subfield code="a">Middle Aged</subfield>
  </datafield>
  <datafield tag="653" ind1="1" ind2=" ">
    <subfield code="a">Obesity</subfield>
  </datafield>
  <datafield tag="653" ind1="1" ind2=" ">
    <subfield code="a">Statistics, Nonparametric</subfield>
  </datafield>
  <datafield tag="653" ind1="1" ind2=" ">
    <subfield code="a">Tumor Necrosis Factor-alpha</subfield>
  </datafield>
  <datafield tag="653" ind1="1" ind2=" ">
    <subfield code="a">Young Adult</subfield>
  </datafield>
  <datafield tag="902" ind1=" " ind2=" ">
    <subfield code="a">Department of Internal Medicine, Division of Endocrinology, Clinical Nutrition and Vascular Medicine, The University of California at Davis, Davis, CA 95817, USA. sekarakas@ucdavis.edu</subfield>
  </datafield>
  <datafield tag="909" ind1="C" ind2="4">
    <subfield code="p">Metabolism: clinical and experimental</subfield>
    <subfield code="v">58</subfield>
    <subfield code="c"></subfield>
    <subfield code="n">7</subfield>
    <subfield code="y">2009-07-01</subfield>
  </datafield>
  <datafield tag="041" ind1=" " ind2=" ">
    <subfield code="a">eng</subfield>
  </datafield>
  <datafield tag="980" ind1=" " ind2=" ">
    <subfield code="a">ARTICLE</subfield>
  </datafield>
  <datafield tag="980" ind1=" " ind2=" ">
    <subfield code="a">PUBMED</subfield>
  </datafield>
  <datafield tag="650" ind1=" " ind2="7">
    <subfield code="a">Journal Article</subfield>
  </datafield>
</record>