
<record>
  
  
  <datafield tag="022" ind1=" " ind2=" ">
    <subfield code="a">1873-3700</subfield>
  </datafield>
  <datafield tag="024" ind1="7" ind2=" ">
    <subfield code="a">10.1016/j.phytochem.2009.03.012</subfield>
    <subfield code="2">DOI</subfield>
  </datafield>
  <datafield tag="035" ind1=" " ind2=" ">
    <subfield code="a">19394981</subfield>
    <subfield code="9">PMC</subfield>
  </datafield>
  <datafield tag="245" ind1=" " ind2=" ">
    <subfield code="a">Repellent activity of alligator pepper, Aframomum melegueta, and ginger, Zingiber officinale, against the maize weevil, Sitophilus zeamais.</subfield>
  </datafield>
  <datafield tag="260" ind1=" " ind2=" ">
    <subfield code="c">2009-06-01</subfield>
  </datafield>
  <datafield tag="520" ind1=" " ind2=" ">
    <subfield code="a">The repellent activity of alligator pepper, Aframomum melegueta, and ginger, Zingiber officinale (Zingiberaceae), against the maize weevil, Sitophilus zeamais (Coleoptera: Curculionidae), was investigated in four-way olfactometer bioassays. Results showed that vacuum distilled A. melegueta and Z. officinale extracts were repellent towards adult S. zeamais both in the absence and the presence of maize, Zea mays, grains. Bioassay-guided liquid chromatographic fractionation of the distillates showed that fractions containing oxygenated compounds accounted for the repellent activity. Coupled gas chromatography-mass spectrometry (GC-MS), followed by GC peak enhancement and enantioselective GC using authentic compounds, identified 3 major compounds in the behaviourally active fractions of A. melegueta and Z. officinale to be (S)-2-heptanol, (S)-2-heptyl acetate and (R)-linalool in a ratio of 1:6:3, and 1,8-cineole, neral and geranial in a ratio of 5.48:1:2.13, respectively. The identification of these behaviourally active compounds provides the scientific basis for the observed repellent properties of A. melegueta and Z. officinale, and demonstrates the potential for their use in stored-product protection at the small-scale farmer level in Africa.</subfield>
  </datafield>
  <datafield tag="100" ind1=" " ind2=" ">
    <subfield code="a">Donald A Ukeh</subfield>
  </datafield>
  <datafield tag="700" ind1=" " ind2=" ">
    <subfield code="a">Michael A Birkett</subfield>
  </datafield>
  <datafield tag="700" ind1=" " ind2=" ">
    <subfield code="a">John A Pickett</subfield>
  </datafield>
  <datafield tag="700" ind1=" " ind2=" ">
    <subfield code="a">Alan S Bowman</subfield>
  </datafield>
  <datafield tag="700" ind1=" " ind2=" ">
    <subfield code="a">A Jennifer Mordue Luntz</subfield>
  </datafield>
  <datafield tag="653" ind1="1" ind2=" ">
    <subfield code="a">Animals</subfield>
  </datafield>
  <datafield tag="653" ind1="1" ind2=" ">
    <subfield code="a">Gas Chromatography-Mass Spectrometry</subfield>
  </datafield>
  <datafield tag="653" ind1="1" ind2=" ">
    <subfield code="a">Insect Repellents</subfield>
  </datafield>
  <datafield tag="653" ind1="1" ind2=" ">
    <subfield code="a">Weevils</subfield>
  </datafield>
  <datafield tag="653" ind1="1" ind2=" ">
    <subfield code="a">Zingiberaceae</subfield>
  </datafield>
  <datafield tag="902" ind1=" " ind2=" ">
    <subfield code="a">School of Biological Sciences, University of Aberdeen, Aberdeen, United Kingdom.</subfield>
  </datafield>
  <datafield tag="909" ind1="C" ind2="4">
    <subfield code="p">Phytochemistry</subfield>
    <subfield code="v">70</subfield>
    <subfield code="c"></subfield>
    <subfield code="n">6</subfield>
    <subfield code="y">2009-04-01</subfield>
  </datafield>
  <datafield tag="041" ind1=" " ind2=" ">
    <subfield code="a">eng</subfield>
  </datafield>
  <datafield tag="980" ind1=" " ind2=" ">
    <subfield code="a">ARTICLE</subfield>
  </datafield>
  <datafield tag="980" ind1=" " ind2=" ">
    <subfield code="a">PUBMED</subfield>
  </datafield>
  <datafield tag="650" ind1=" " ind2="7">
    <subfield code="a">Journal Article</subfield>
  </datafield>
</record>