
<record>
  
  
  <datafield tag="022" ind1=" " ind2=" ">
    <subfield code="a">1873-3700</subfield>
  </datafield>
  <datafield tag="024" ind1="7" ind2=" ">
    <subfield code="a">10.1016/j.phytochem.2009.03.015</subfield>
    <subfield code="2">DOI</subfield>
  </datafield>
  <datafield tag="035" ind1=" " ind2=" ">
    <subfield code="a">19394984</subfield>
    <subfield code="9">PMC</subfield>
  </datafield>
  <datafield tag="245" ind1=" " ind2=" ">
    <subfield code="a">Fungal transformation of isosteviol lactone and its biological evaluation for inhibiting the AP-1 transcription factor.</subfield>
  </datafield>
  <datafield tag="260" ind1=" " ind2=" ">
    <subfield code="c">2009-06-01</subfield>
  </datafield>
  <datafield tag="520" ind1=" " ind2=" ">
    <subfield code="a">A number of hydroxylated diterpenoids were obtained from the microbial transformation of isosteviol lactone (4alpha-carboxy-13alpha-hydroxy-13,16-seco-ent-19-norbeyeran-16-oic acid 13,16-lactone) (2) with Mucorrecurvatus MR 36, Aspergillusniger BCRC 31130, and Absidiapseudocylindrospora ATCC 24169. Incubation of 2 with M. recurvatus and Asp.niger led to isolation of seven known compounds (1 and 3-8). Incubation of 2 with Abs. pseudocylindrospora produced 5 and six previously unreported compounds (9-14). The structures of these isolated compounds were deduced by high-field NMR techniques ((1)H, (13)C, DEPT, COSY, NOESY, HSQC, and HMBC), and those of 9 and 11 were further confirmed by X-ray crystallographic analyses. Subsequently, the inhibitory effects on activator protein-1 (AP-1) activation in lipopolysaccharide-stimulated RAW 264.7 macrophages of all of these compounds were evaluated. Compounds 2-5, 8, 9, 11, and 12 exhibited significant inhibitory activity, while 3 was more potent than the reference compound of dexamethasone.</subfield>
  </datafield>
  <datafield tag="100" ind1=" " ind2=" ">
    <subfield code="a">Bo-Hon Chou</subfield>
  </datafield>
  <datafield tag="700" ind1=" " ind2=" ">
    <subfield code="a">Li-Ming Yang</subfield>
  </datafield>
  <datafield tag="700" ind1=" " ind2=" ">
    <subfield code="a">Shwu-Fen Chang</subfield>
  </datafield>
  <datafield tag="700" ind1=" " ind2=" ">
    <subfield code="a">Feng-Lin Hsu</subfield>
  </datafield>
  <datafield tag="700" ind1=" " ind2=" ">
    <subfield code="a">Chia-Hsin Lo</subfield>
  </datafield>
  <datafield tag="700" ind1=" " ind2=" ">
    <subfield code="a">Wen-Kuang Lin</subfield>
  </datafield>
  <datafield tag="700" ind1=" " ind2=" ">
    <subfield code="a">Li-Hsuan Wang</subfield>
  </datafield>
  <datafield tag="700" ind1=" " ind2=" ">
    <subfield code="a">Pan-Chun Liu</subfield>
  </datafield>
  <datafield tag="700" ind1=" " ind2=" ">
    <subfield code="a">Shwu-Jiuan Lin</subfield>
  </datafield>
  <datafield tag="653" ind1="1" ind2=" ">
    <subfield code="a">Animals</subfield>
  </datafield>
  <datafield tag="653" ind1="1" ind2=" ">
    <subfield code="a">Cell Line</subfield>
  </datafield>
  <datafield tag="653" ind1="1" ind2=" ">
    <subfield code="a">Crystallography, X-Ray</subfield>
  </datafield>
  <datafield tag="653" ind1="1" ind2=" ">
    <subfield code="a">Diterpenes, Kaurane</subfield>
  </datafield>
  <datafield tag="653" ind1="1" ind2=" ">
    <subfield code="a">Fungi</subfield>
  </datafield>
  <datafield tag="653" ind1="1" ind2=" ">
    <subfield code="a">Lactones</subfield>
  </datafield>
  <datafield tag="653" ind1="1" ind2=" ">
    <subfield code="a">Macrophages</subfield>
  </datafield>
  <datafield tag="653" ind1="1" ind2=" ">
    <subfield code="a">Magnetic Resonance Spectroscopy</subfield>
  </datafield>
  <datafield tag="653" ind1="1" ind2=" ">
    <subfield code="a">Mice</subfield>
  </datafield>
  <datafield tag="653" ind1="1" ind2=" ">
    <subfield code="a">Models, Molecular</subfield>
  </datafield>
  <datafield tag="653" ind1="1" ind2=" ">
    <subfield code="a">Spectrometry, Mass, Electrospray Ionization</subfield>
  </datafield>
  <datafield tag="653" ind1="1" ind2=" ">
    <subfield code="a">Transcription Factor AP-1</subfield>
  </datafield>
  <datafield tag="902" ind1=" " ind2=" ">
    <subfield code="a">Department of Medicinal Chemistry, College of Pharmacy, Taipei Medical University, Taipei 110, Taiwan.</subfield>
  </datafield>
  <datafield tag="909" ind1="C" ind2="4">
    <subfield code="p">Phytochemistry</subfield>
    <subfield code="v">70</subfield>
    <subfield code="c"></subfield>
    <subfield code="n">6</subfield>
    <subfield code="y">2009-04-01</subfield>
  </datafield>
  <datafield tag="041" ind1=" " ind2=" ">
    <subfield code="a">eng</subfield>
  </datafield>
  <datafield tag="980" ind1=" " ind2=" ">
    <subfield code="a">ARTICLE</subfield>
  </datafield>
  <datafield tag="980" ind1=" " ind2=" ">
    <subfield code="a">PUBMED</subfield>
  </datafield>
  <datafield tag="650" ind1=" " ind2="7">
    <subfield code="a">Journal Article</subfield>
  </datafield>
</record>