
<record>
  
  
  <datafield tag="022" ind1=" " ind2=" ">
    <subfield code="a">0035-3787</subfield>
  </datafield>
  <datafield tag="024" ind1="7" ind2=" ">
    <subfield code="a">10.1016/j.neurol.2009.03.006</subfield>
    <subfield code="2">DOI</subfield>
  </datafield>
  <datafield tag="035" ind1=" " ind2=" ">
    <subfield code="a">19394985</subfield>
    <subfield code="9">PMC</subfield>
  </datafield>
  <datafield tag="245" ind1=" " ind2=" ">
    <subfield code="a">[Brain tuberculomas: six cases].</subfield>
  </datafield>
  <datafield tag="260" ind1=" " ind2=" ">
    <subfield code="c">2009-11-10</subfield>
  </datafield>
  <datafield tag="520" ind1=" " ind2=" ">
    <subfield code="a">INTRODUCTION: Despite the resurgence of tuberculosis, partly due to HIV infection, central nervous system involvement remains rare, accounting for only 2 to 5% of all tuberculosis forms. PATIENTS ET METHOD: We report six cases of brain tuberculomas occurring in patients free of HIV infection and hospitalized between 2001 and 2006 in the internal medicine department of a Tunisian military hospital (Tunis). RESULTS: Four patients had an underlying defect. Headache, fever, consciousness disorders, deficit disorder or cerebellar syndrome are the main symptoms. Tuberculomas were multiple and disseminated in four cases and localized in the brain stem in two cases. Positive diagnosis could be established in two cases on the basis of the pathology results of a brain biopsy or detection of Mycobacterium tuberculosis in the cerebrospinal fluid; the diagnosis was presumptive in the other cases. Five patients recovered under antituberculosis treatment maintained on average 13 months (11 to 16 months). Steroid treatment was associated in five patients and tapered off for four to six weeks. One 78-year-old diabetic patient died in a context of cachexia with multiple organ failure.</subfield>
  </datafield>
  <datafield tag="100" ind1=" " ind2=" ">
    <subfield code="a">R Battikh</subfield>
  </datafield>
  <datafield tag="700" ind1=" " ind2=" ">
    <subfield code="a">M Yedeas</subfield>
  </datafield>
  <datafield tag="700" ind1=" " ind2=" ">
    <subfield code="a">J Labidi</subfield>
  </datafield>
  <datafield tag="700" ind1=" " ind2=" ">
    <subfield code="a">N Ben Abdelhafidh</subfield>
  </datafield>
  <datafield tag="700" ind1=" " ind2=" ">
    <subfield code="a">J Zaouali</subfield>
  </datafield>
  <datafield tag="700" ind1=" " ind2=" ">
    <subfield code="a">A Sellami</subfield>
  </datafield>
  <datafield tag="700" ind1=" " ind2=" ">
    <subfield code="a">R Mrissa</subfield>
  </datafield>
  <datafield tag="700" ind1=" " ind2=" ">
    <subfield code="a">O Azzouz</subfield>
  </datafield>
  <datafield tag="700" ind1=" " ind2=" ">
    <subfield code="a">B Louzir</subfield>
  </datafield>
  <datafield tag="700" ind1=" " ind2=" ">
    <subfield code="a">M Ben Moussa</subfield>
  </datafield>
  <datafield tag="700" ind1=" " ind2=" ">
    <subfield code="a">N Ben Abdallah</subfield>
  </datafield>
  <datafield tag="700" ind1=" " ind2=" ">
    <subfield code="a">S Othmani</subfield>
  </datafield>
  <datafield tag="653" ind1="1" ind2=" ">
    <subfield code="a">Adult</subfield>
  </datafield>
  <datafield tag="653" ind1="1" ind2=" ">
    <subfield code="a">Aged</subfield>
  </datafield>
  <datafield tag="653" ind1="1" ind2=" ">
    <subfield code="a">Antitubercular Agents</subfield>
  </datafield>
  <datafield tag="653" ind1="1" ind2=" ">
    <subfield code="a">Brain Diseases</subfield>
  </datafield>
  <datafield tag="653" ind1="1" ind2=" ">
    <subfield code="a">Diagnosis, Differential</subfield>
  </datafield>
  <datafield tag="653" ind1="1" ind2=" ">
    <subfield code="a">Fatal Outcome</subfield>
  </datafield>
  <datafield tag="653" ind1="1" ind2=" ">
    <subfield code="a">female</subfield>
  </datafield>
  <datafield tag="653" ind1="1" ind2=" ">
    <subfield code="a">Humans</subfield>
  </datafield>
  <datafield tag="653" ind1="1" ind2=" ">
    <subfield code="a">Magnetic Resonance Imaging</subfield>
  </datafield>
  <datafield tag="653" ind1="1" ind2=" ">
    <subfield code="a">male</subfield>
  </datafield>
  <datafield tag="653" ind1="1" ind2=" ">
    <subfield code="a">Middle Aged</subfield>
  </datafield>
  <datafield tag="653" ind1="1" ind2=" ">
    <subfield code="a">treatment outcome</subfield>
  </datafield>
  <datafield tag="653" ind1="1" ind2=" ">
    <subfield code="a">Tuberculoma</subfield>
  </datafield>
  <datafield tag="902" ind1=" " ind2=" ">
    <subfield code="a">Service de médecine interne, hôpital militaire de Tunis, Montfleury, 1008 Tunis, Tunisie. battikh_riadh@yahoo.fr</subfield>
  </datafield>
  <datafield tag="909" ind1="C" ind2="4">
    <subfield code="p">Revue neurologique</subfield>
    <subfield code="v">165</subfield>
    <subfield code="c"></subfield>
    <subfield code="n">11</subfield>
    <subfield code="y">2009-11-01</subfield>
  </datafield>
  <datafield tag="041" ind1=" " ind2=" ">
    <subfield code="a">fre</subfield>
  </datafield>
  <datafield tag="980" ind1=" " ind2=" ">
    <subfield code="a">ARTICLE</subfield>
  </datafield>
  <datafield tag="980" ind1=" " ind2=" ">
    <subfield code="a">PUBMED</subfield>
  </datafield>
  <datafield tag="650" ind1=" " ind2="7">
    <subfield code="a">Case Reports</subfield>
  </datafield>
</record>