
<record>
  
  
  <datafield tag="022" ind1=" " ind2=" ">
    <subfield code="a">1878-3503</subfield>
  </datafield>
  <datafield tag="024" ind1="7" ind2=" ">
    <subfield code="a">10.1016/j.trstmh.2009.03.018</subfield>
    <subfield code="2">DOI</subfield>
  </datafield>
  <datafield tag="035" ind1=" " ind2=" ">
    <subfield code="a">19394989</subfield>
    <subfield code="9">PMC</subfield>
  </datafield>
  <datafield tag="245" ind1=" " ind2=" ">
    <subfield code="a">Microfinance against malaria: impact of Freedom from Hunger's malaria education when delivered by rural banks in Ghana.</subfield>
  </datafield>
  <datafield tag="260" ind1=" " ind2=" ">
    <subfield code="c">2009-11-09</subfield>
  </datafield>
  <datafield tag="520" ind1=" " ind2=" ">
    <subfield code="a">A community randomized pre-test/post-test design was used to compare the knowledge and behaviors of microfinance clients receiving malaria education (n=213) to those receiving diarrhea education (n=223) and to non-client controls (n=268). Comparisons assessed differences at follow-up as well as within-group changes over time. At follow-up, malaria clients had significantly better malaria knowledge than comparison groups: 48.4% of malaria clients were able to identify groups most vulnerable to malaria compared with 39.2% of diarrhea clients (P=0.044) and 37.7% of non-clients (P=0.024). Malaria clients were more likely than diarrhea clients (P=0.024) (P&lt;0.001) and non-clients (P=0.028) (P=0.004) to report that insecticide-treated nets (ITNs) provide the best protection against malaria, and to agree that pregnant women should use ITNs, respectively. Between baseline and follow-up, malaria clients were most likely to: improve in knowledge of malaria complications during pregnancy; to own at least one bed net; and to report at least one child or woman of reproductive age sleeping under a bed net. Malaria clients also experienced the greatest increases in ITN ownership/use (9% vs. 2.9% and 6.7% among diarrhea clients and non-clients). Results indicate that, although significant barriers to malaria control remain, a malaria education program provided by microfinance institutions can effectively contribute to community and national malaria initiatives.</subfield>
  </datafield>
  <datafield tag="100" ind1=" " ind2=" ">
    <subfield code="a">Natalie De La Cruz</subfield>
  </datafield>
  <datafield tag="700" ind1=" " ind2=" ">
    <subfield code="a">Benjamin Crookston</subfield>
  </datafield>
  <datafield tag="700" ind1=" " ind2=" ">
    <subfield code="a">Bobbi Gray</subfield>
  </datafield>
  <datafield tag="700" ind1=" " ind2=" ">
    <subfield code="a">Steve Alder</subfield>
  </datafield>
  <datafield tag="700" ind1=" " ind2=" ">
    <subfield code="a">Kirk Dearden</subfield>
  </datafield>
  <datafield tag="653" ind1="1" ind2=" ">
    <subfield code="a">Adolescent</subfield>
  </datafield>
  <datafield tag="653" ind1="1" ind2=" ">
    <subfield code="a">Adult</subfield>
  </datafield>
  <datafield tag="653" ind1="1" ind2=" ">
    <subfield code="a">Delivery of Health Care</subfield>
  </datafield>
  <datafield tag="653" ind1="1" ind2=" ">
    <subfield code="a">Economic Development</subfield>
  </datafield>
  <datafield tag="653" ind1="1" ind2=" ">
    <subfield code="a">female</subfield>
  </datafield>
  <datafield tag="653" ind1="1" ind2=" ">
    <subfield code="a">Ghana</subfield>
  </datafield>
  <datafield tag="653" ind1="1" ind2=" ">
    <subfield code="a">Health Knowledge, Attitudes, Practice</subfield>
  </datafield>
  <datafield tag="653" ind1="1" ind2=" ">
    <subfield code="a">Health Promotion</subfield>
  </datafield>
  <datafield tag="653" ind1="1" ind2=" ">
    <subfield code="a">Humans</subfield>
  </datafield>
  <datafield tag="653" ind1="1" ind2=" ">
    <subfield code="a">Malaria</subfield>
  </datafield>
  <datafield tag="653" ind1="1" ind2=" ">
    <subfield code="a">male</subfield>
  </datafield>
  <datafield tag="653" ind1="1" ind2=" ">
    <subfield code="a">Middle Aged</subfield>
  </datafield>
  <datafield tag="653" ind1="1" ind2=" ">
    <subfield code="a">Mosquito Control</subfield>
  </datafield>
  <datafield tag="653" ind1="1" ind2=" ">
    <subfield code="a">Pregnancy</subfield>
  </datafield>
  <datafield tag="653" ind1="1" ind2=" ">
    <subfield code="a">Rural Health</subfield>
  </datafield>
  <datafield tag="653" ind1="1" ind2=" ">
    <subfield code="a">Young Adult</subfield>
  </datafield>
  <datafield tag="902" ind1=" " ind2=" ">
    <subfield code="a">Department of Health Behavior, University of Alabama at Birmingham School of Public Health, 227 RPHB, 1665 University Blvd, Birmingham, AL 35294, USA.</subfield>
  </datafield>
  <datafield tag="909" ind1="C" ind2="4">
    <subfield code="p">Transactions of the Royal Society of Tropical Medicine and Hygiene</subfield>
    <subfield code="v">103</subfield>
    <subfield code="c"></subfield>
    <subfield code="n">12</subfield>
    <subfield code="y">2009-12-01</subfield>
  </datafield>
  <datafield tag="041" ind1=" " ind2=" ">
    <subfield code="a">eng</subfield>
  </datafield>
  <datafield tag="980" ind1=" " ind2=" ">
    <subfield code="a">ARTICLE</subfield>
  </datafield>
  <datafield tag="980" ind1=" " ind2=" ">
    <subfield code="a">PUBMED</subfield>
  </datafield>
  <datafield tag="650" ind1=" " ind2="7">
    <subfield code="a">Comparative Study</subfield>
  </datafield>
</record>