
<record>
  
  
  <datafield tag="022" ind1=" " ind2=" ">
    <subfield code="a">1878-3503</subfield>
  </datafield>
  <datafield tag="024" ind1="7" ind2=" ">
    <subfield code="a">10.1016/j.trstmh.2009.03.022</subfield>
    <subfield code="2">DOI</subfield>
  </datafield>
  <datafield tag="035" ind1=" " ind2=" ">
    <subfield code="a">19394991</subfield>
    <subfield code="9">PMC</subfield>
  </datafield>
  <datafield tag="245" ind1=" " ind2=" ">
    <subfield code="a">The development and evaluation of a single step multiplex PCR for simultaneous detection of Anopheles annularis group mosquitoes, human host preference and Plasmodium falciparum sporozoite presence.</subfield>
  </datafield>
  <datafield tag="260" ind1=" " ind2=" ">
    <subfield code="c">2009-10-19</subfield>
  </datafield>
  <datafield tag="520" ind1=" " ind2=" ">
    <subfield code="a">The Anopheles annularis group mosquitoes, subgenus Cellia Theobald (Diptera: Culicidae), includes five recognized species: An. annularis Van der Wulp, An. nivipes Theobald, An. pallidus Theobald, An. philippinensis Ludlow and An. schueffneri Stanton. From these five, the three most common species found in Orissa were considered for this study because of their remarkable vectorial and behavioral variation and the important role they play in malaria transmission. To identify and understand their role in malaria transmission we developed a single multiplex PCR-based assay. This assay included the detection of human blood feeding habit and Plasmodium falciparum sporozoite presence. Of the 186 An. annularis mosquitoes collected, morphological character-based identification showed that 94 were An. annularis, 54 were An. philippinensis and 38 were An. pallidus. However, the multiplex PCR assay confirmed that 91 were An. annularis, 56 were An. philippinensis and 39 were An. pallidus individuals after adjustments were made for misidentified specimens in the morphological method. Anopheles annularis and An. philippinensis were found positive for human blood, and two samples of An. annularis species were positive for P. falciparum sporozoites. This one-step PCR-based method constitutes a very powerful tool in large surveys of anopheline populations.</subfield>
  </datafield>
  <datafield tag="100" ind1=" " ind2=" ">
    <subfield code="a">Sunita Swain</subfield>
  </datafield>
  <datafield tag="700" ind1=" " ind2=" ">
    <subfield code="a">Amitav Mohanty</subfield>
  </datafield>
  <datafield tag="700" ind1=" " ind2=" ">
    <subfield code="a">Namita Mahapatra</subfield>
  </datafield>
  <datafield tag="700" ind1=" " ind2=" ">
    <subfield code="a">S K Parida</subfield>
  </datafield>
  <datafield tag="700" ind1=" " ind2=" ">
    <subfield code="a">N S Marai</subfield>
  </datafield>
  <datafield tag="700" ind1=" " ind2=" ">
    <subfield code="a">H K Tripathy</subfield>
  </datafield>
  <datafield tag="700" ind1=" " ind2=" ">
    <subfield code="a">Santanu K Kar</subfield>
  </datafield>
  <datafield tag="700" ind1=" " ind2=" ">
    <subfield code="a">Rupenangshu K Hazra</subfield>
  </datafield>
  <datafield tag="653" ind1="1" ind2=" ">
    <subfield code="a">Animals</subfield>
  </datafield>
  <datafield tag="653" ind1="1" ind2=" ">
    <subfield code="a">Anopheles</subfield>
  </datafield>
  <datafield tag="653" ind1="1" ind2=" ">
    <subfield code="a">DNA, Mitochondrial</subfield>
  </datafield>
  <datafield tag="653" ind1="1" ind2=" ">
    <subfield code="a">Genetic Variation</subfield>
  </datafield>
  <datafield tag="653" ind1="1" ind2=" ">
    <subfield code="a">Host-Parasite Interactions</subfield>
  </datafield>
  <datafield tag="653" ind1="1" ind2=" ">
    <subfield code="a">Humans</subfield>
  </datafield>
  <datafield tag="653" ind1="1" ind2=" ">
    <subfield code="a">Insect Vectors</subfield>
  </datafield>
  <datafield tag="653" ind1="1" ind2=" ">
    <subfield code="a">Plasmodium falciparum</subfield>
  </datafield>
  <datafield tag="653" ind1="1" ind2=" ">
    <subfield code="a">Polymerase Chain Reaction</subfield>
  </datafield>
  <datafield tag="653" ind1="1" ind2=" ">
    <subfield code="a">Sequence Analysis, DNA</subfield>
  </datafield>
  <datafield tag="653" ind1="1" ind2=" ">
    <subfield code="a">Species Specificity</subfield>
  </datafield>
  <datafield tag="653" ind1="1" ind2=" ">
    <subfield code="a">Sporozoites</subfield>
  </datafield>
  <datafield tag="902" ind1=" " ind2=" ">
    <subfield code="a">Regional Medical Research Centre, Nalco Square, Chandrasekharpur, Bhubaneswar 751023, India.</subfield>
  </datafield>
  <datafield tag="909" ind1="C" ind2="4">
    <subfield code="p">Transactions of the Royal Society of Tropical Medicine and Hygiene</subfield>
    <subfield code="v">103</subfield>
    <subfield code="c"></subfield>
    <subfield code="n">11</subfield>
    <subfield code="y">2009-11-01</subfield>
  </datafield>
  <datafield tag="041" ind1=" " ind2=" ">
    <subfield code="a">eng</subfield>
  </datafield>
  <datafield tag="980" ind1=" " ind2=" ">
    <subfield code="a">ARTICLE</subfield>
  </datafield>
  <datafield tag="980" ind1=" " ind2=" ">
    <subfield code="a">PUBMED</subfield>
  </datafield>
  <datafield tag="650" ind1=" " ind2="7">
    <subfield code="a">Evaluation Studies</subfield>
  </datafield>
</record>