
<record>
  
  
  <datafield tag="022" ind1=" " ind2=" ">
    <subfield code="a">1874-9968</subfield>
  </datafield>
  <datafield tag="024" ind1="7" ind2=" ">
    <subfield code="a">10.1016/j.ultras.2009.03.003</subfield>
    <subfield code="2">DOI</subfield>
  </datafield>
  <datafield tag="035" ind1=" " ind2=" ">
    <subfield code="a">19394992</subfield>
    <subfield code="9">PMC</subfield>
  </datafield>
  <datafield tag="245" ind1=" " ind2=" ">
    <subfield code="a">Ultrasound triggered cell death in vitro with doxorubicin loaded poly lactic-acid contrast agents.</subfield>
  </datafield>
  <datafield tag="260" ind1=" " ind2=" ">
    <subfield code="c">2009-11-09</subfield>
  </datafield>
  <datafield tag="520" ind1=" " ind2=" ">
    <subfield code="a">Traditional chemotherapy generally results in systemic toxicity, which also limits drug levels at the area of need. Two ultrasound contrast agents (UCA), with diameters between 1-2 microm in diameter and shell thicknesses of 100-200 nm, composed of poly lactic-acid (PLA), one loaded by surface adsorption and the other loaded by drug incorporation in the shell, were compared in vitro for potential use in cancer therapy. These poly lactic-acid (PLA) UCA platforms contain a gas core that in an ultrasound (US) field can cause the UCA to oscillate or rupture. Following a systemic injection of drug loaded UCA with external application of US focused at the area of interest, this platform could potentially increase drug toxicity at the area of need, while protecting healthy tissue through microencapsulation of the drug. In vitro toxicity in MDA-MB-231 breast cancer cells of the surface-adsorbed and shell-incorporated doxorubicin (Dox) loaded UCA were examined at 5 MHz insonation using a pulse repetition frequency of 100 Hz at varying pressure amplitudes. Both platforms resulted in equivalent cell death compared to free Dox and US when insonated at peak positive pressure amplitudes of 1.26 MPa and above. While no significant changes in cell death were seen for surface adsorbed Dox-UCA with or without insonation, cell death using the platform with Dox incorporated within the shell increased from 16.12% to 25.78% (p=0.0272), approaching double the potency of the platform when insonated at peak positive pressure amplitudes of 1.26 MPa and above. This mechanism is believed to be the result of UCA rupture at higher insonation pressure amplitudes, resulting in more exposed drug and shell surface area as well as increased cellular uptake of Dox containing polymer shell fragments. This study has shown that a polymer UCA with drug housed within the shell may be used for US-triggered cell death. US activation can be used to make a carrier significantly more potent once in the area of need.</subfield>
  </datafield>
  <datafield tag="100" ind1=" " ind2=" ">
    <subfield code="a">J R Eisenbrey</subfield>
  </datafield>
  <datafield tag="700" ind1=" " ind2=" ">
    <subfield code="a">P Huang</subfield>
  </datafield>
  <datafield tag="700" ind1=" " ind2=" ">
    <subfield code="a">J Hsu</subfield>
  </datafield>
  <datafield tag="700" ind1=" " ind2=" ">
    <subfield code="a">M A Wheatley</subfield>
  </datafield>
  <datafield tag="653" ind1="1" ind2=" ">
    <subfield code="a">Antibiotics, Antineoplastic</subfield>
  </datafield>
  <datafield tag="653" ind1="1" ind2=" ">
    <subfield code="a">Apoptosis</subfield>
  </datafield>
  <datafield tag="653" ind1="1" ind2=" ">
    <subfield code="a">Breast Neoplasms</subfield>
  </datafield>
  <datafield tag="653" ind1="1" ind2=" ">
    <subfield code="a">Cell Line, Tumor</subfield>
  </datafield>
  <datafield tag="653" ind1="1" ind2=" ">
    <subfield code="a">Contrast Media</subfield>
  </datafield>
  <datafield tag="653" ind1="1" ind2=" ">
    <subfield code="a">Delayed-Action Preparations</subfield>
  </datafield>
  <datafield tag="653" ind1="1" ind2=" ">
    <subfield code="a">Dose-Response Relationship, Radiation</subfield>
  </datafield>
  <datafield tag="653" ind1="1" ind2=" ">
    <subfield code="a">Doxorubicin</subfield>
  </datafield>
  <datafield tag="653" ind1="1" ind2=" ">
    <subfield code="a">Electroporation</subfield>
  </datafield>
  <datafield tag="653" ind1="1" ind2=" ">
    <subfield code="a">Humans</subfield>
  </datafield>
  <datafield tag="653" ind1="1" ind2=" ">
    <subfield code="a">Lactic Acid</subfield>
  </datafield>
  <datafield tag="653" ind1="1" ind2=" ">
    <subfield code="a">Polymers</subfield>
  </datafield>
  <datafield tag="653" ind1="1" ind2=" ">
    <subfield code="a">Radiation Dosage</subfield>
  </datafield>
  <datafield tag="653" ind1="1" ind2=" ">
    <subfield code="a">Sonication</subfield>
  </datafield>
  <datafield tag="902" ind1=" " ind2=" ">
    <subfield code="a">School of Biomedical Engineering, Science and Health Systems, Drexel University, Philadelphia, PA 19104, United States.</subfield>
  </datafield>
  <datafield tag="909" ind1="C" ind2="4">
    <subfield code="p">Ultrasonics</subfield>
    <subfield code="v">49</subfield>
    <subfield code="c"></subfield>
    <subfield code="n">8</subfield>
    <subfield code="y">2009-12-01</subfield>
  </datafield>
  <datafield tag="041" ind1=" " ind2=" ">
    <subfield code="a">eng</subfield>
  </datafield>
  <datafield tag="980" ind1=" " ind2=" ">
    <subfield code="a">ARTICLE</subfield>
  </datafield>
  <datafield tag="980" ind1=" " ind2=" ">
    <subfield code="a">PUBMED</subfield>
  </datafield>
  <datafield tag="650" ind1=" " ind2="7">
    <subfield code="a">Journal Article</subfield>
  </datafield>
</record>
</collection>
